2924 5046
675 1265 746 1348 IX.

172 1434 250 1521 De
277 1437 551 1522 emendatione
578 1437 808 1522 fabularum
836 1435 1218 1539 Terentianamm*).

224 1849 297 1915 Etsi
316 1872 398 1935 quae
417 1848 560 1932 praefari
580 1848 764 1914 scholarum
784 1847 943 1913 indicibus
963 1848 998 1912 in
1017 1847 1078 1912 hac
1096 1847 1306 1913 litterarume

130 1952 346 2029 universitate
369 1956 592 2022 habendarum
611 1960 719 2021 vetere
742 1960 775 2020 et
798 1957 930 2040 antiquo
954 1954 1106 2020 instituto
1130 1955 1280 2041 solemus,

133 2062 299 2132 nertinere
318 2064 431 2129 advos
449 2062 618 2127 universos
638 2064 796 2147 volumus,
818 2067 928 2127 temen
947 2062 1058 2127 eadem
1078 2085 1145 2128 non
1163 2062 1281 2127 mirum

140 2166 194 2227 esi
216 2171 361 2255 propiore
390 2169 489 2235 etiam
512 2169 642 2234 vinculo
670 2191 742 2235 cum
766 2170 884 2235 vestris
907 2169 1089 2234 rationibus
1113 2169 1281 2252 contineri,

140 2269 203 2345 qui
222 2297 287 2341 cnm
310 2276 436 2361 graecis
459 2276 648 2360 latinisque,
671 2276 704 2341 in
728 2277 844 2360 quibus
868 2276 935 2341 fere
958 2298 1138 2359 versamur,
1161 2275 1281 2341 litteris

143 2366 464 2467 bainsonensem
487 2383 523 2446 in
546 2382 719 2447 seminario
743 2382 834 2467 regio
857 2382 1056 2467 philologico
1080 2382 1281 2446 exercemini.

142 2469 245 2553 Vobis
265 2489 364 2574 igitur
386 2493 600 2574 posteaquam
623 2489 659 2552 iu
681 2488 834 2572 Dionysii
858 2488 1120 2572 Antiquitatibus
1143 2509 1201 2571 per
1224 2488 1281 2552 ali·

143 2593 231 2662 quod
254 2599 381 2679 tempus
409 2594 612 2660 elaboratum
640 2598 703 2678 est,
731 2598 767 2660 ut
796 2595 836 2658 ad
860 2594 1003 2658 Terentii
1026 2594 1154 2659 fabulas
1178 2599 1281 2659 trans·

141 2680 229 2762 itum
246 2702 306 2786 ipsi
329 2724 533 2785 pararemus,
563 2723 601 2766 ee
628 2723 713 2766 nunc
740 2702 775 2765 in
802 2700 944 2766 medium
973 2702 1086 2765 afferre
1113 2701 1199 2766 haud
1224 2703 1282 2766 abs

141 2808 185 2858 Γθ
212 2808 394 2892 putavimus,
424 2829 506 2891 quae
528 2829 587 2873 nec
611 2807 724 2892 colligi
753 2808 821 2872 sine
850 2807 960 2890 ampla
989 2808 1148 2872 librorum
1178 2808 1282 2891 supel-

140 2892 249 2977 lectile
270 2936 378 2998 posse,
410 2936 469 2979 nec
497 2914 578 2979 satis
603 2936 641 2979 ex
665 2915 753 2978 omni
775 2917 868 2998 parte
891 2914 1027 2979 inodicari
1049 2914 1113 2978 nisi
1137 2915 1177 2978 ab
1202 2915 1283 2978 artis

143 3011 271 3085 critiae
296 3019 408 3104 paullo
436 3020 590 3104 peritiore
618 3021 809 3086 viderentur.
855 3021 904 3085 Aa
933 3042 1177 3105 speraveramus
1206 3044 1282 3085 sane

143 3106 220 3182 fore
240 3131 272 3190 ut
297 3127 366 3192 eius
390 3126 438 3190 rei
461 3127 489 3190 is
512 3126 607 3191 nobis
631 3127 733 3191 otium
755 3126 891 3210 faceret,
919 3127 1008 3192 cuius
1033 3127 1118 3192 curia
1142 3128 1283 3193 ornatio·

146 3233 221 3288 rem
245 3232 518 3317 elegantissimum
554 3237 684 3317 poetam
715 3233 919 3317 proditurum
952 3256 1062 3298 rumor
1099 3256 1137 3298 ex
1174 3235 1284 3320 aliquo

150 3320 285 3415 beInpone
307 3339 561 3422 percrebruerat,
584 3338 785 3405 Reinholdus
799 3339 955 3404 Klotzius.
992 3339 1114 3404 Verum
1138 3363 1208 3405 eam
1224 3365 1283 3405 -ex-

157 3444 375 3510 SPectationem
399 3445 462 3510 dici
485 3446 597 3530 nequit
620 3468 717 3529 quam
741 3447 811 3530 ille,
839 3446 989 3511 laudatus
1012 3446 1135 3530 alioqui
1159 3449 1216 3530 vir,
1239 3448 1283 3512 fe·

163 3528 272 3614 lenae
307 3549 491 3615 Nemeum
515 3552 620 3617 omnis
644 3552 713 3616 eius
737 3573 842 3637 opera,
866 3573 963 3636 quam
987 3553 1105 3617 emisso
1128 3552 1180 3616 his
1204 3549 1284 3636 ipsis

171 3635 258 3719 dieta
279 3658 385 3742 primo
409 3658 571 3722 volumine
594 3658 727 3742 publico
750 3658 868 3724 iudicio
891 3661 1069 3744 proposuit,
1092 3659 1127 3722 in
1150 3679 1187 3723 eo
1211 3681 1284 3723 con·

174 3746 255 3844 littei,
279 3769 314 3827 ut
343 3763 473 3828 collatis
502 3763 626 3829 duabus
650 3765 787 3829 vetustis
811 3765 1022 3850 editionibus,
1050 3786 1133 3849 quae
1160 3787 1199 3828 ex
1222 3765 1285 3829 lto·

176 3872 243 3927 mono
268 3867 375 3933 codice
404 3872 576 3934 manarunt
602 3869 697 3934 nobis
725 3871 825 3954 probe
854 3874 945 3948 noto,
972 3871 1091 3935 rectius
1115 3871 1224 3953 aliqua
1247 3893 1286 3934 ex

173 3971 240 4049 parte
259 3973 379 4039 Donati
402 3974 537 4040 disiecta
560 3978 705 4041 membra
728 3976 947 4060 constituerit,
975 3980 1045 4041 tum
1070 3977 1110 4041 ad
1133 3978 1206 4060 ipsa
1228 3976 1286 4040 Te

170 4076 242 4141 rentii
263 4082 361 4145 verba
385 4082 590 4166 emendenda
605 4083 681 4148 novi
704 4083 938 4168 propemodum
957 4083 1039 4147 nihil
1058 4082 1177 4147 attulit.
1212 4082 1286 4147 Nisi

166 4218 355 4231 “Q——

236 4309 259 4371 *)
292 4306 480 4377 [Prooemium
508 4308 607 4364 indicis
636 4309 793 4366 scholarum
820 4309 997 4368 hibernarum
1026 4310 1286 4367 Vratislcvienflium

154 4394 214 4454 enni
235 4393 557 4467 cnonocccnxxvnn]
