2888 5040
752 1128 825 1209 Xl'.

273 1285 324 1366 De
352 1284 398 1366 M.
428 1282 603 1364 Terentii
633 1280 823 1363 Varronis
852 1280 1164 1382 discipliuamm
1193 1280 1326 1365 libris

613 1406 968 1505 commentarius.*)

750 1589 830 1597 .—

704 1692 823 1757 Cnrvr
847 1692 873 1759 Ι.

755 1855 827 1932 aa

191 2017 202 2053 1
306 1995 530 2059 Eruditionem
555 2015 654 2077 prope
679 2016 807 2057 omnem
830 1997 863 2056 et
887 1994 926 2057 ad
949 1993 1194 2060 humanitatem
1221 1997 1379 2064 informa·

218 2103 339 2165 tionem
372 2123 465 2164 nemo
499 2102 603 2164 nescit
638 2102 678 2163 iis
712 2101 863 2183 saeculis,
896 2122 977 2184 qnae
1007 2102 1247 2168 consuevimus
1278 2104 1378 2169 medii

219 2209 289 2272 aevi
314 2209 445 2271 nominc
469 2206 753 2290 comprehendere,
786 2213 930 2289 septem
963 2206 1198 2273 liberalium
1233 2211 1376 2275 artium

218 2316 295 2378 orbe
324 2317 505 2377 coartatam
534 2335 612 2376 esec.
658 2311 706 2375 De
735 2313 852 2395 quibus
876 2313 1049 2396 potissima
1071 2315 1274 2382 testimonia
1297 2317 1376 2381 haec

292 2505 317 2573 *)
339 2503 449 2573 [Editus
467 2506 675 2573 programmate
693 2503 853 2558 academico
872 2504 1009 2558 Bonnensi
1028 2511 1143 2560 a.1845
1163 2508 1208 2562 sic
1227 2507 1373 2579 inscripto:

221 2592 377 2646 ‘Natalicia
401 2592 599 2660 nugusussimi
618 2591 703 2661 Regis
722 2591 855 2645 Fridcrici
873 2591 1006 2646 Guilelmi
1025 2593 1171 2650 1111....
1194 2597 1222 2653 d.
1243 2598 1297 2652 XV
1315 2598 1370 2653 oce

219 2699 243 2737 a.
264 2679 552 2734 ClOlOCCCXXXXV
576 2680 798 2734 concelebranda
822 2679 922 2734 indicit
944 2680 973 2734 F.
993 2681 1026 2735 a.
1064 2682 1168 2737 Insunt
1188 2684 1368 2749 Quaestione

219 2769 429 2823 varronianae&
458 2768 632 2836 Bibliopolac
651 2769 771 2822 traditus
790 2769 896 2838 prodiit
914 2769 944 2822 in
959 2768 1114 2839 publicum,
1134 2770 1320 2843 inscriptione
1332 2771 1365 2827 sic

218 2861 340 2912 mutata:
357 2859 409 2911 ‘Dc
420 2858 457 2910 ll.
470 2857 592 2911 'l'erentii
604 2858 735 2912 Varronis
744 2857 954 2926 disciplinarum
965 2858 1042 2913 libris
1052 2862 1278 2916 commentarius
1286 2863 1316 2916 F.
1324 2862 1361 2917 R'

219 2949 248 3000 et
265 2947 419 3016 praemissa
437 2948 490 3001 hac
510 2948 644 3016 epistula:
675 2947 846 3001 ‘Fridericus
866 2948 1034 3001 Ritsehelius
1059 2949 1188 3004 inclutae
1213 2952 1364 3011 litterarum

218 3035 379 3089 academiae
394 3036 554 3089 Bornssicae
574 3035 655 3089 sociis
675 3035 757 3088 classi
776 3035 923 3090 historicae
943 3040 972 3090 ot
990 3036 1184 3107 philologicae
1204 3038 1329 3109 ascriptis
1347 3064 1383 3113 ῃ,

219 3124 299 3187 Quod
315 3126 350 3177 ad
362 3126 427 3191 l'os,
447 3124 499 3193 ciri
518 3124 684 3191 gravissimi,
705 3124 776 3176 hanc
796 3142 879 3192 qnam
899 3125 1004 3179 subieci
1019 3126 1141 3195 opellam
1158 3128 1233 3195 misi,
1252 3128 1280 3184 id
1293 3140 1405 3205 iffi„

218 3228 302 3278 qnam
322 3212 405 3265 licere
424 3213 493 3265 mihi
512 3213 613 3266 Vestra
631 3212 783 3266 auctoritas
801 3212 895 3277 iussit,
923 3231 985 3267 cum
1009 3217 1169 3282 opportune
1193 3216 1283 3270 faeere
1304 3218 1417 3309 “Qu

219 3299 320 3352 debere
340 3302 370 3352 et
389 3299 504 3354 Vestrae
530 3301 639 3370 gratiae
659 3304 687 3355 et
705 3317 767 3354 meo
787 3301 878 3355 officio
897 3300 974 3355 visne
994 3319 1063 3355 sum.
1102 3301 1178 3355 Nam
1197 3317 1261 3355 cnm
1278 3318 1421 3394 euml

218 3388 406 3456 amplissimae
426 3375 553 3444 societati
573 3391 689 3444 Vestrae
709 3408 752 3443 me
772 3407 831 3447 esso
850 3389 1036 3458 epistularum
1055 3389 1223 3444 commercio
1241 3389 1421 3478 iuncbq¹¹¹¹

217 3475 384 3543 voluissetis,
403 3479 432 3531 ct
450 3479 472 3531 si
492 3478 558 3547 qnid
579 3480 710 3534 haberem
729 3496 784 3547 quo
804 3479 901 3548 augeri
919 3478 1045 3548 optimae
1064 3478 1178 3533 litterae
1197 3478 1415 3562 viderantut

217 3565 246 3619 id
267 3569 297 3619 nt
314 3565 465 3619 Vobiscum
485 3567 719 3621 communicarem
738 3571 864 3620 auctores
884 3566 954 3619 mihi
972 3566 1166 3621 exstitissetia:
1190 3566 1256 3636 quid
1273 3550 1420 3658 di

218 3671 277 3707 csse
293 3655 506 3708 cousentaneum
521 3655 617 3722 potuit
630 3672 714 3723 quam
730 3659 759 3709 et
775 3655 829 3709 Vos
844 3657 1004 3724 exspectare
1018 3656 1077 3708 tam
1093 3655 1245 3709 honorifice
1258 3654 1417 3730 iamim-0

218 3744 250 3794 ut
275 3741 374 3795 saltem
401 3741 553 3796 voluntatis
579 3747 710 3812 prompta
735 3742 937 3813 significatione
963 3758 1018 3795 non
1044 3741 1191 3812 indignum
1216 3759 1259 3797 ma
1280 3758 1413 3813 pm

218 3832 335 3897 starem,
359 3834 387 3883 et
405 3848 450 3882 mo
474 3829 548 3899 grati
567 3846 617 3898 pro
636 3833 695 3885 tam
714 3831 856 3885 luculenta
874 3830 1072 3885 benevolentia
1090 3830 1179 3885 animi
1197 3828 1411 3898 osmannae

218 3918 399 3989 impatienter
413 3918 586 3973 occasionem
601 3922 735 3988 captare?
765 3920 854 3990 igitur
867 3919 951 3988 aeqni
964 3919 1087 3988 bonique
1105 3936 1209 3988 quaeso
1227 3926 1405 3982 consulite

218 4009 293 4076 qnod
303 4008 398 4075 Vobis,
418 4008 471 4061 viri
490 4009 736 4077 praestantissimi,
757 4009 896 4062 levidense
916 4008 1110 4062 munusculum
1129 4008 1230 4063 obtuli:
1248 4009 1400 4077 quodni

219 4097 298 4150 nullo
316 4097 373 4150 alia
394 4097 495 4151 virtute
515 4097 767 4163 commendabitur,
792 4098 867 4152 haud
886 4097 943 4151 ecio
962 4113 999 4150 an
1017 4097 1142 4165 aliquam
1161 4115 1179 4152 a
1197 4094 1277 4151 Vobis
1313 4110 1393 4162 gra·

219 4185 286 4239 tiam
307 4184 369 4253 ipsa
389 4185 425 4237 ait
443 4185 602 4252 argumenti
626 4188 835 4253 opportunitate
854 4186 1001 4240 initurum:
1026 4187 1138 4255 qnando
1161 4201 1216 4239 non
1237 4181 1386 4238 niuem

219 4275 285 4327 dum
315 4274 399 4326 tuerit
423 4277 565 4341 tunquam
589 4274 758 4327 incunabula
784 4290 878 4327 aarum
905 4275 1007 4327 artium
1034 4273 1185 4343 respicere,
1212 4287 1282 4341 quw
1309 4266 1380 4318 5⁸⁰¹

221 4362 333 4415 adultae
361 4379 422 4413 cnm
452 4363 531 4414 tanta
559 4361 700 4416 litteratae
727 4362 853 4430 linropac
882 4363 963 4415 lando
984 4363 1086 4416 Vestra
1110 4361 1252 4431 praeclara
1272 4366 1376 4423 opem
