2888 5040
213 333 277 396 558
497 379 502 387 .
536 348 652 395 nunus
676 335 820 396 vnano's
844 349 1024 397 ιιιιιιιιιιιιι

214 513 347 574 prorsus
374 492 406 554 in
431 488 627 555 Graecorum
650 491 935 576 Romanorumque
963 491 1058 557 libris
1084 493 1291 579 singulorum
1311 517 1353 559 ca·

214 598 318 680 pitum
347 597 609 661 distributionem
636 599 797 664 neminem
829 605 899 662 tam
930 598 1000 662 fore
1028 599 1183 684 ineptum
1214 607 1351 684 putamus

215 704 270 786 qui
293 703 345 766 rel
369 704 512 786 requirat
535 703 585 767 vel
609 694 783 787 exspectet.

304 809 473 884 Quartae
502 815 610 873 autem
635 811 749 874 classis
778 811 840 874 etsi
863 832 923 875 nec
946 812 1153 895 coryphaeos
1180 835 1239 877 nec
1263 818 1341 897 caput

216 921 475 1002 praerogativum
504 918 665 998 novimuS,
693 923 804 981 tamen
827 918 879 981 vel
906 919 959 982 hic
987 918 1103 983 licebit
1124 941 1165 982 ex
1192 920 1249 1003 cis,
1273 941 1334 1002 quac

183 1050 189 1054 ·
215 1023 381 1087 commode
401 1023 469 1086 fieri
489 1044 562 1086 non
587 1024 762 1106 potuerint,
786 1024 1007 1089 coniecturam
1026 1025 1066 1089 de
1087 1046 1125 1089 eo
1145 1047 1252 1109 capere
1266 1023 1328 1110 qaod

217 1152 286 1193 esse
311 1130 432 1192 factum
456 1129 522 1192 veri
542 1129 647 1192 simile
667 1130 718 1193 sit.
752 1129 851 1193 Velut
873 1130 924 1194 fac
946 1153 967 1194 a
989 1129 1194 1214 philosophis
1210 1151 1322 1197 cronon

216 1259 286 1299 esse
314 1235 494 1299 Varronem
521 1235 555 1298 in
584 1258 685 1319 eoque
714 1258 833 1320 genere
865 1236 989 1320 primas
1019 1238 1101 1301 satis
1129 1259 1186 1321 per
1210 1259 1240 1301 sc
1260 1242 1318 1300 recte

216 1342 345 1405 Platoni
370 1341 505 1404 dedisse.
547 1341 593 1404 At
615 1342 701 1406 huuc
722 1343 816 1405 unius
839 1343 949 1425 potius
973 1343 1185 1408 hebdomadis
1204 1343 1316 1407 socictate

217 1471 288 1511 cum
307 1448 496 1531 Pythagora
515 1452 548 1510 et
567 1448 745 1512 Aristotele
765 1449 1035 1532 comprehensum
1059 1449 1159 1515 fuisse
1177 1446 1312 1533 Symmachi

217 1576 297 1638 quac
322 1576 346 1617 s,
370 1577 393 1616 s.
418 1575 441 1615 s.
465 1555 564 1617 verba
591 1553 677 1617 haud
707 1555 853 1637 prolecto
882 1555 946 1618 levi
974 1555 1095 1621 indicio
1120 1561 1200 1620 sunt
1233 1553 1311 1617 Velia

215 1659 361 1723 Platonis
395 1658 500 1722 locum
535 1658 703 1724 Socratem
736 1661 911 1743 substitue,
945 1661 1001 1745 qui
1033 1663 1097 1726 etsi
1129 1663 1251 1746 scriptor
1270 1678 1310 1722 ιοι

214 1767 289 1848 fuit,
313 1771 421 1829 tamen
446 1770 482 1828 ut
505 1766 715 1849 gravissimus
739 1771 854 1831 auctor
880 1767 1111 1851 philosophiae
1134 1773 1247 1852 practer
1263 1761 1310 1828 soli·

215 1879 283 1937 turn
307 1872 456 1955 princeps
479 1873 636 1955 praeponi
663 1874 778 1956 potuit.
816 1877 862 1937 At
884 1873 933 1937 ita
956 1896 1052 1958 quem
1071 1875 1199 1940 tandem
1213 1872 1251 1936 dli
1264 1887 1310 1934 ern·

214 1979 292 2042 ferri
325 2000 342 2042 e
374 1978 531 2041 Romanis
570 1980 715 2061 potuisse
750 1979 903 2062 putabis?
944 1978 1032 2044 Nam
1067 1988 1104 2045 ut
1135 1979 1234 2064 paucis
1258 1994 1312 2038 con·
1351 2046 1353 2051 .

215 2085 409 2168 plectamur,
441 2085 573 2147 omnino
602 2107 667 2149 non
697 2090 747 2149 est
775 2085 927 2150 credibile
961 2087 996 2150 in
1025 2087 1095 2151 ulla
1122 2087 1217 2152 classe
1240 2076 1311 2148 aldi
1351 2070 1353 2123 ι

215 2191 320 2273 capite
344 2191 473 2254 initium
496 2190 619 2254 facturn
644 2214 714 2254 esse
734 2214 754 2254 a
772 2191 930 2274 Varrone,
953 2192 988 2256 in
1011 2214 1077 2276 quo
1100 2197 1167 2257 tam
1190 2187 1312 2254 ululata

216 2302 315 2380 esset,
348 2319 445 2380 quam
474 2300 524 2360 est
552 2298 585 2360 in
617 2297 855 2380 philosophicis
888 2298 1024 2380 litteris,
1058 2299 1240 2364 Graecorum
1262 2308 1312 2377 prat

216 2403 372 2468 Romanis
410 2403 552 2486 dignitas
586 2410 618 2468 et
654 2403 864 2486 praestantia.
910 2402 1000 2488 Ergo
1037 2426 1080 2469 ne
1117 2405 1158 2468 ab
1192 2395 1311 2468 historltit

140 2527 200 2567 xm
216 2510 343 2595 quidem
381 2530 513 2572 exorsus
551 2530 621 2572 esse
658 2508 795 2572 videtur.
849 2508 995 2583 Quorum
1032 2511 1094 2574 etsi
1130 2503 1312 2575 hebdomadem

215 2616 372 2681 Graecam
399 2616 430 2678 in
462 2614 672 2690 Quinctiliani
702 2617 721 2692 ξ
747 2615 888 2678 73-Ἱό
915 2613 1114 2680 Merchlinua
1144 2605 1311 2697 investigavit

215 2724 428 2806 compositam
452 2720 544 2784 illam
568 2743 584 2782 c
609 2719 823 2802 Thucydidis,
847 2720 1021 2802 Herodoti,
1045 2721 1246 2806 Theopompi,
1263 2709 1311 2778 Phi·

214 2829 296 2912 listi,
332 2828 470 2911 Ephori,
507 2825 676 2907 Clitarchi,
713 2825 901 2909 Timagenis
935 2827 1139 2911 nominibus,
1175 2831 1310 2912 quorun]e

215 2936 369 2999 societate
398 2934 648 3017 Xenophontem
678 2933 748 3015 ipsc
778 2932 1017 3007 Quinctilianus
1049 2957 1083 2998 se
1116 2934 1191 2999 dicit
1215 2930 1310 2995 exinde

236 3042 332 3104 tint
334 3065 367 3105 er
399 3040 614 3123 philosophos
643 3039 842 3103 reddendum
873 3044 997 3123 porus
1030 3045 1066 3105 at
1093 3041 1160 3105 sive
1190 3037 1224 3103 ad
1245 3029 1309 3097 Hert

214 3148 270 3212 dot
257 3152 324 3211 tum
350 3148 418 3211 sive
441 3147 481 3210 ad
504 3145 726 3229 Thucydidem
756 3146 900 3229 palmam
931 3147 1086 3211 detuleris
1110 3170 1127 3210 c
1151 3147 1242 3209 mente
1258 3131 1309 3196 Vll

214 3254 312 3335 ronis,
335 3253 503 3316 hicinet
467 3257 503 3316 ut
526 3275 597 3315 curn
622 3251 681 3315 illo
704 3273 802 3315 ausus
827 3252 871 3316 sit
894 3253 943 3316 vel
969 3252 1109 3317 Fabium
1128 3252 1263 3316 Pictorem
1277 3228 1308 3297 'tl

214 3357 382 3421 Sisennam
401 3358 504 3421 veltet
505 3357 569 3421 iam
590 3355 724 3421 Sallust
700 3361 782 3421 trum
802 3357 1027 3421 committere?
1054 3357 1158 3422 Immo
1176 3359 1225 3421 aut
1239 3337 1309 3414 omnia

186 3464 333 3537 ,fallunt
352 3470 409 3528 aut
432 3465 629 3548 principium
650 3489 669 3528 a
687 3466 785 3529 nullis
805 3466 879 3529 aliis
897 3466 962 3529 nisr
955 3465 1024 3528 ab
1044 3464 1222 3530 oratoribus
1239 3448 1309 3521 fitbll

213 3573 247 3637 in
272 3596 335 3656 quo
363 3593 479 3656 genere
504 3571 573 3635 solo
603 3595 644 3654 po
647 3572 748 3636 tuisse
771 3571 937 3635 Romanos
960 3592 1028 3635 non
1058 3571 1129 3634 sins
1156 3569 1307 3652 aliquan

213 3679 322 3743 fident
298 3685 345 3742 tra
377 3700 449 3741 cum
483 3677 615 3742 Graecis
649 3677 842 3743 contendere
876 3683 912 3741 nt
944 3699 1003 3742 nos
1041 3676 1077 3740 in
1079 3677 1255 3760 collegimus,
1278 3656 1307 3719 ιι

214 3785 303 3848 idcnt
304 3784 422 3848 idem
413 3785 475 3866 rpsi
504 3783 643 3867 professi
668 3787 751 3848 sunt
793 3781 862 3846 Nec
884 3783 1004 3866 magis,
1035 3783 1090 3866 qui
1118 3783 1153 3846 in
1172 3757 1306 3876 eloquent*

215 3890 432 3973 principatum
455 3889 541 3953 inter
560 3889 700 3953 Graecos
723 3893 856 3970 teneret,
834 3887 1031 3952 tdubitare
1051 3909 1068 3951 e
1089 3883 1306 3957 veteribusque

215 4019 328 4079 quam,
351 4018 448 4080 quam
471 3997 526 4078 qui
550 3997 598 4059 int
599 4019 634 4061 er
584 3996 821 4060 tRomanos
846 3995 908 4058 sibi
934 3993 1127 4077 vindicaret,
1156 3993 1201 4057 rel
1219 3971 1304 4052 deditis

215 4103 315 4165 simus
348 4102 538 4185 antiquitati
567 4103 693 4167 animus
722 4101 881 4165 Varronis
913 4099 1078 4163 haesitare
1111 4099 1222 4183 potuit:
1245 4091 1303 4169 quen

214 4212 467 4271 consentaneum
500 4211 548 4270 est
581 4207 619 4272 de
652 4230 778 4271 summo
807 4210 935 4271 oratore
968 4206 1056 4269 haud
1090 4204 1193 4289 paullo
1220 4178 1304 4263 honori

214 4315 320 4378 fiuent
296 4320 361 4378 trus
386 4314 525 4377 sensisse
550 4335 646 4396 quarn
670 4335 772 4396 nuper
796 4313 910 4376 sentiri
937 4312 1107 4377 internos
1131 4332 1202 4393 coep
1204 4313 1254 4371 tun
1268 4288 1303 4354 ‘ll

214 4420 370 4484 Primae
361 4421 422 4504 igit
426 4442 462 4483 ur
481 4424 513 4483 et
499 4420 689 4483 tsecundae
708 4418 902 4482 hebdomadi
921 4417 999 4482 libri
1018 4419 1116 4502 primi
1108 4392 1302 4480 Demosthtffll
