2924 5046
180 328 243 394 196
538 347 750 395 rnaauunra
774 347 959 395 pervener.

177 489 228 552 καὶ
251 489 401 566 πιτύρων.
425 527 467 533 -
492 486 582 552 Nihil
608 489 648 553 ad
664 489 816 554 Plautum
839 489 988 572 pertinet,
1010 487 1097 572 quod
1119 487 1220 552 ctiam
1245 486 1326 551 ‘sor-

176 593 309 658 bitionis
333 594 586 679 liquidissimum
609 594 722 679 genus'
744 596 975 680 aquibusdam
999 592 1185 678 ‘apludam’
1209 592 1328 657 haberi

174 698 265 764 Festi
295 701 434 784 epitome
458 700 560 785 addit,
588 699 685 785 ‘quod
713 702 792 766 flatu
814 702 971 766 deiciatur
994 704 1028 764 et
1051 699 1145 784 quasi
1168 699 1326 784 adploda-

173 805 253 871 tur':
276 829 335 891 pro
354 829 418 892 quo
439 806 685 872 ‘sorbitiuncula
704 829 742 872 ex
760 807 862 892 paleis
881 804 978 871 faeta’
997 804 1121 891 (suavis
1139 805 1327 872 mehercule

174 911 294 999 potiol)
322 914 531 979 substituitur
559 914 593 977 in
617 914 656 979 A.
678 913 760 979 Maii
782 913 876 979 Novo
898 912 1051 978 nimirum
1074 910 1255 978 ‘thesauro'
1279 913 1327 977 la-

168 1019 314 1083 tinitatis
337 1040 368 1103 p.
392 1018 445 1084 54.

724 1198 771 1252 Vl.

262 1319 389 1385 Nonius
413 1343 443 1404 p.
468 1321 525 1405 62,
553 1323 669 1407 32sq.:
699 1321 962 1387 ‘exterebrare
991 1325 1041 1385 est
1068 1320 1100 1384 ui
1124 1318 1248 1403 aliquid
1272 1340 1326 1384 ex-

173 1429 332 1511 torquere.
380 1424 528 1506 [Plectra
546 1427 662 1493 Perse:
686 1448 873 1510 «numiam
895 1428 991 1492 lerele
1012 1429 1091 1493 istem
1112 1425 1326 1503 exarebrabr'a

176 1537 210 1597 tu
231 1537 268 1597 ret
287 1534 332 1597 sia
348 1533 438 1614 peter
459 1554 554 1615 quem
577 1555 628 1617 epe
651 1535 753 1599 stema
775 1536 848 1599 item
872 1535 1068 1600 terebrare.
1091 1534 1172 1599 idem
1190 1531 1326 1597 Barcae

172 1639 278 1704 dibre:
309 1639 411 1703 «lane
436 1639 563 1704 ueniam
590 1639 656 1704 illis
673 1641 739 1705 sine
762 1645 789 1704 te
811 1661 931 1706 ereren
955 1662 992 1704 :s
1015 1645 1051 1704 nt
1073 1640 1235 1706 inccrat».
1264 1641 1324 1720 est]

173 1747 207 1808 et
230 1746 367 1810 serutari
392 1748 448 1810 aut
470 1746 628 1811 curiosius
651 1769 813 1831 quaerere.
858 1746 994 1823 Plautus
1017 1747 1052 1810 in
1071 1746 1225 1832 Astraba,
1248 1769 1323 1812 cnm

173 1851 208 1914 in
235 1851 397 1916 curiosum
425 1851 599 1918 iaceretur:
632 1853 850 1918 <terebratum
881 1852 1009 1936 quidem
1037 1851 1250 1937 pertenuis»)
1279 1889 1325 1898 -

172 1954 370 2041 Disputandi
398 1979 529 2042 operam
557 1961 594 2022 ut
617 1959 787 2043 compendi
810 1959 963 2043 facerem,
993 1959 1199 2043 grammatici
1223 1959 1325 2024 verba

172 2061 348 2127 manifesto
378 2064 494 2129 mutila
524 2064 637 2129 statim
664 2064 744 2129 talia
773 2064 868 2148 posui
896 2064 1023 2148 expleta
1050 2064 1179 2147 lacuna,
1212 2064 1326 2149 qualia

173 2168 239 2232 fere
268 2169 346 2234 olim
370 2169 533 2234 exstitisse
557 2171 707 2236 arbitror.
745 2168 972 2235 ‘exterebrare'
996 2170 1139 2254 verbum,
1161 2170 1326 2235 translata

174 2273 303 2359 quidem
327 2274 578 2361 significatione,
601 2277 734 2343 omnino
757 2298 917 2360 nusquam
941 2280 1049 2340 exstat
1070 2275 1168 2342 hodie
1190 2280 1324 2360 praeter

173 2379 292 2445 Persae
315 2404 343 2446 v.
367 2381 441 2467 237,
465 2387 498 2446 ct
520 2383 620 2448 habet
641 2383 687 2446 ibi
711 2404 822 2447 revera
845 2382 1054 2466 extorquendi
1078 2383 1157 2446 vim:
1181 2380 1222 2447 ad
1246 2403 1322 2446 ean·

148 2486 309 2572 ,denique
341 2490 407 2554 vim
435 2491 581 2573 proxime
605 2490 728 2554 aceedit
751 2490 785 2553 in
808 2486 1024 2553 Bacchidibus
1052 2511 1081 2552 v.
1108 2487 1191 2553 1198
1223 2485 1323 2551 ‘tere-

107 2653 116 2674 ,
174 2592 280 2658 brare'
308 2596 359 2660 cui
387 2617 501 2679 parum
529 2601 616 2661 reete
639 2599 828 2680 comparant
851 2593 1058 2679 ‘erpalpare'‚
1086 2593 1206 2660 rectius
1229 2597 1322 2677 pote·

173 2703 247 2765 rant
265 2699 474 2787 ‘exsculpere'
493 2703 691 2768 Plautinum.
720 2702 821 2769 Porro
840 2705 949 2768 autem
968 2724 1040 2766 eum
1055 2699 1141 2785 apud
1156 2703 1323 2765 auctorem

174 2828 266 2871 suum
289 2807 416 2875 Nonius
446 2812 569 2897 legeret
597 2810 695 2879 etiam
724 2810 764 2874 ad
788 2808 998 2873 ‘scrutantem
1022 2811 1055 2871 et
1078 2805 1201 2870 curiose
1225 2827 1324 2890 quae·

174 2913 313 2978 rentem’
344 2916 528 2982 terebrandi
555 2917 723 2981 notionem
745 2914 936 2980 translatam
960 2934 1043 2996 esse,
1072 2911 1232 2997 simulque
1256 2912 1324 2979 levi

174 3021 292 3085 calami
318 3023 412 3106 lapsu
439 3024 621 3088 terebrabant
649 3022 807 3107 seriptum
833 3021 970 3103 videret,
1000 3019 1062 3084 hoe
1089 3022 1245 3083 consueta
1269 3041 1322 3085 so·

174 3125 285 3188 cordia
316 3126 414 3192 homo
448 3127 586 3193 stolidus
618 3150 677 3212 pro
710 3127 883 3212 participio
915 3126 1038 3191 habens
1072 3125 1221 3209 exemplo
1252 3147 1326 3190 esse

174 3230 276 3315 ipsius
305 3231 491 3299 ‘terebrare'
520 3236 608 3299 verbi
637 3236 772 3319 putavit.
817 3234 935 3299 Plauto
959 3233 1045 3297 enim
1068 3231 1209 3296 dubitari
1233 3255 1327 3317 pror-

175 3358 229 3401 sus
266 3339 379 3423 nequit
414 3340 492 3425 quin
528 3364 620 3407 suum
652 3342 820 3407 Turnebus
857 3343 904 3405 sie
940 3339 1116 3405 reddiderit
1148 3337 1328 3405 Adversar.

174 3441 293 3530 xxix,
319 3445 404 3543 19:⁸

135 3586 160 3625 ¹³
320 3586 489 3654 Terebra
510 3592 552 3653 tu
574 3588 726 3674 quidem
749 3587 949 3672 pertundis
974 3636 1168 3654 .......

173 3726 235 3792 Illa
252 3751 333 3813 quae
352 3733 429 3794 sunt
447 3730 531 3794 ‘eum
550 3730 585 3794 in
604 3730 767 3795 curiosum
781 3729 953 3795 iocaretur’
969 3727 1038 3813 (ubi
1054 3730 1205 3802 laceretur
1218 3730 1329 3817 codd)

175 3836 380 3918 grammatici
401 3836 500 3901 verba
523 3858 603 3920 esse,
625 3859 690 3901 non
712 3840 838 3922 poetae,
860 3837 984 3920 primus
1007 3835 1173 3919 perspexit
1191 3834 1329 3921 Lipsius

175 3939 309 4026 Antiqu.
333 3942 406 4008 leet.
429 3942 487 4027 IV,
513 3944 563 4010 17.

717 4190 778 4244 Vll.

264 4317 391 4384 Nonius
411 4342 441 4403 p.
460 4319 534 4403 376,
552 4320 586 4383 3:
611 4318 656 4381 ‘et
679 4318 830 4401 quoniam
853 4316 1003 4382 nonnulli
1026 4320 1172 4383 ueterum
1194 4338 1260 4401 pre
1279 4340 1330 4405 ec,

176 4422 262 4506 qued
289 4425 467 4509 protinus
495 4431 558 4507 est,
587 4425 781 4510 protinam
809 4423 860 4489 vel
883 4425 1059 4507 protenis
1083 4427 1331 4511 conuerterant,
