2924 5046
448 341 720 390 mscremuauvn
745 343 870 390 orasis.
1164 324 1227 389 381

95 479 177 542 tione
207 484 300 548 etiarn
323 487 447 548 ceteras
470 484 605 568 formas,
634 508 716 570 quae
740 485 958 571 singularibus
983 484 1106 548 artibus
1131 486 1229 546 mate·

99 583 173 648 riam
196 592 414 674 praebuerunt,
433 591 571 677 singulis
589 593 682 657 libris
698 583 872 677 separatim
887 592 1085 676 explanatas.
1110 590 1228 666 Quales

107 694 170 754 suat
199 698 390 762 astronomia
414 702 446 762 ct
469 699 605 778 musica,
637 722 674 765 eo
698 699 827 784 quidem
851 699 931 763 hacc
954 699 1059 783 magis
1083 719 1229 762 seorsum

108 797 266 886 tractanda,
293 804 395 888 quod,
423 827 503 890 quos
527 829 544 869 o
567 806 745 891 geometria
767 806 856 870 locos
882 805 1010 888 ascivit,
1038 804 1068 868 ei
1091 825 1132 868 ne
1156 825 1228 869 con-

108 915 252 973 summant
281 910 411 993 quidem
443 912 610 976 notionem
641 911 796 994 musicae,
829 910 885 974 sed
913 909 1080 974 dimidiam
1102 911 1229 992 partem

103 1005 243 1095 reliquam
261 1015 400 1080 faciunt:
424 1038 500 1080 nam
519 1019 705 1096 θεωρητικαὶ
725 1021 801 1081 sunt
813 1017 1014 1100 rhythmica,
1032 1016 1229 1097 harmonica,

98 1119 229 1205 metrica,
252 1122 368 1205 quibus
392 1123 540 1187 accedere
565 1127 737 1202 πρακτικὴν
759 1128 889 1208 oportet
907 1145 988 1207 quae
1007 1129 1057 1187 est
1075 1124 1229 1205 orqaaiea.

91 1215 232 1312 Eamque
255 1250 318 1292 una
341 1229 543 1313 complexum
569 1252 638 1294 esse
658 1230 837 1296 Varronem
861 1252 933 1294 cum
957 1252 1007 1294 res
1031 1230 1102 1313 ipsa
1121 1229 1230 1312 arguit

89 1325 157 1394 lum
183 1335 324 1400 tibiarum
350 1338 498 1422 exempla
520 1337 636 1402 docent
660 1360 697 1401 ax
717 1337 883 1402 Marciano
907 1337 1146 1421 scholiastaque
1164 1335 1229 1399 Ho-

80 1437 209 1508 ratiano
242 1466 341 1527 supra
373 1445 504 1529 prolata
536 1449 556 1526 ἓ
585 1446 605 1510 6
636 1449 669 1510 et
697 1447 717 1524 ἓ
744 1446 791 1510 10.
843 1444 966 1520 Quibus
996 1443 1062 1508 iam
1093 1441 1227 1506 tertium

76 1539 163 1609 t“lde
188 1547 290 1614 Servii
313 1549 349 1614 in
372 1550 452 1614 Aen.
476 1550 532 1635 IX,
555 1552 634 1616 618:
656 1557 692 1616 at
713 1553 795 1616 enim
824 1550 923 1617 Varro
946 1551 1001 1628 ait,
1024 1549 1100 1614 tibia
1122 1549 1228 1632 Pbry-

69 1646 129 1724 dia
158 1656 267 1719 daea
293 1676 392 1720 aream
417 1657 559 1737 faramea
587 1658 687 1737 babet,
718 1659 849 1724 sinistra
871 1659 945 1741 dac,
977 1678 1107 1739 qaorum
1129 1677 1227 1720 renam

72 1763 206 1825 ueremur
234 1782 343 1827 sonam
371 1763 471 1848 laudet,
500 1765 632 1829 alteram
652 1786 785 1848 paoem.
831 1764 1030 1841 Quibuscum
1054 1763 1162 1827 nescio
1186 1785 1227 1826 an

71 1865 167 1942 apud
190 1869 306 1952 'ipsum
334 1868 515 1934 Varronem
549 1871 719 1936 coniuncta
751 1871 871 1935 fuerint
903 1892 986 1955 quae
1019 1869 1228 1954 praecedunt:

71 1966 175 2038 tabiae
200 1981 257 2040 aut
283 1997 435 2042 sarronae
459 1979 617 2060 dieantur,
644 1999 723 2060 quae
750 1983 824 2043 saal
845 1999 940 2060 pares
962 1982 991 2042 et
1012 1978 1152 2060 aequales
1174 1977 1228 2041 lra-

70 2067 148 2140 l’mt
172 2103 328 2160 oceanas,
350 2088 407 2147 aat
423 2083 586 2167 Plrrqqiae,
609 2107 687 2166 quae
709 2089 737 2149 et
760 2086 892 2167 irrepares
914 2084 1228 2165 aeternaequae

69 2174 192 2252 laesa
208 2210 363 2255 cavernas.
399 2189 512 2275 Neque
532 2192 720 2276 organicam
735 2191 878 2257 Isidorus
892 2191 925 2256 in
940 2190 1080 2255 musicae
1100 2211 1227 2254 enarra-

68 2281 169 2356 tione
196 2296 429 2378 praetermisit:
452 2318 647 2381 quamquam
676 2299 759 2362 miro
788 2319 864 2362 sanc
888 2296 1021 2362 consilio
1044 2296 1226 2379 tripertitae

68 2385 232 2465 divisioni
255 2401 305 2465 illi
329 2424 401 2466 eam
425 2403 661 2486 expositionem
684 2404 803 2469 subicit
825 2425 851 2469 c.
868 2404 907 2468 19
923 2425 1001 2488 sqq.,
1027 2402 1142 2487 quain
1161 2425 1226 2466 rne-

68 2494 183 2572 tricae
205 2507 311 2573 locum
336 2509 490 2594 organica
513 2509 611 2575 tacite
634 2509 853 2575 substituitur.

605 2709 625 2786 a
652 2707 700 2771 15.

172 2828 290 2912 Tertia,
313 2829 346 2893 in
370 2853 434 2915 qua
456 2852 663 2895 numerorum
687 2830 804 2916 aliquis
826 2852 904 2893 usus
923 2829 1032 2912 fiebat,
1055 2827 1226 2911 disciplina

80 2926 127 2986 ⁰⁸l
159 2935 374 3001 rhetorica:
404 2937 439 3000 in
470 2959 533 3021 qua
556 2941 677 3022 quanto
702 2937 809 3002 studio
834 2958 993 3020 quamque
1018 2935 1129 2999 subtili
1155 2935 1225 2999 dili·
1280 2976 1285 2983 -

85 3039 194 3106 glutis
222 3041 424 3125 syllabarum
455 3065 623 3108 mensuras
655 3047 776 3107 veteres
805 3042 953 3126 magistri
983 3042 1149 3127 exegerint
1173 3064 1224 3124 pc·

89 3127 219 3232 dumque
245 3148 389 3213 rationes
418 3153 452 3213 et
474 3150 670 3233 multiplices
694 3149 932 3233 complexiones
955 3150 1164 3233 pensitarint,
1191 3149 1225 3212 in

93 3241 199 3332 lulgna
227 3259 364 3319 constat.
409 3254 524 3340 Itaque
554 3256 592 3320 dc
616 3256 678 3319 hoe
702 3276 819 3339 genere
842 3255 876 3320 in
899 3255 1060 3320 rhetorica
1084 3257 1225 3321 breviter

96 3361 247 3444 praecepit
268 3359 452 3426 Marcianus
475 3360 506 3424 V
534 3384 564 3445 p.
590 3362 652 3426 168
673 3383 741 3446 sqq.
795 3360 946 3445 Idemque
969 3360 1149 3426 Varronem
1179 3363 1224 3426 fo-

97 3449 166 3526 lbse
195 3489 233 3530 ex
256 3466 366 3531 Rufini
395 3467 433 3533 de
463 3468 575 3532 metris
604 3470 769 3533 oratorum
793 3468 1060 3533 commentariolo
1082 3491 1112 3551 p.
1137 3470 1225 3533 2720

99 3552 122 3622 P·
141 3566 205 3638 398
219 3571 256 3638 G.
279 3572 493 3658 intellegitur:
517 3575 612 3640 latiae
635 3576 671 3639 de
692 3577 830 3640 arcanea
851 3574 885 3639 bi
907 3573 1150 3661 (scripseruntlz
1174 3575 1224 3639 Ci-

36 3692 40 3697 '
100 3681 159 3749 lta
181 3679 362 3764 Victorinus,
384 3679 603 3764 Hieronymus,
628 3682 838 3761 Terentianus,
863 3682 972 3765 Varro,
994 3680 1122 3758 Probus,
1146 3680 1225 3745 Ota-

102 3772 192 3865 taius,
219 3787 396 3865 Diomedes,
424 3787 650 3867 Qreiate'le'aaus,
678 3787 836 3867 Dataleis,
863 3786 996 3853 Seroias.
1040 3785 1080 3850 ln
1107 3787 1224 3871 quibus

107 3875 311 3976 Hieronymum
329 3894 368 3959 de
382 3893 576 3960 Graecorum
596 3895 651 3979 qui
669 3896 867 3978 praecedunt
886 3894 1040 3960 socictate
1060 3894 1224 3960 sublatum

108 3999 281 4070 reposuimus
313 4001 349 4065 in
380 4001 510 4066 Eusebia·
540 4002 656 4067 locum.
710 4001 759 4066 De
792 4001 934 4066 numeris
968 4005 1077 4065 autem
1109 4022 1224 4084 prosae

111 4102 235 4172 orationis
257 4108 349 4193 loqui
362 4106 514 4172 Rufinum
532 4109 786 4174 luculentissime
806 4131 878 4173 cum
898 4108 1084 4192 latinorum,
1107 4109 1224 4193 quibus

112 4195 259 4279 latronem
279 4215 393 4298 iunxit,
415 4211 486 4279 trim
508 4235 699 4300 graecorum
722 4212 972 4302 (Tlaasmaebi,
996 4214 1139 4299 Gorqc'aa
1157 4214 1223 4280 Ise

113 4317 189 4396 dala,
215 4321 414 4404 Theodectae‚
443 4321 648 4405 Theophrasti
676 4319 749 4405 cet.)
780 4322 912 4388 nomina
942 4322 1135 4405 scriptorum
1167 4322 1223 4388 do-

82 4450 87 4458 ·
115 4426 170 4505 cent
189 4428 355 4513 omnisque
378 4429 509 4494 omnino
533 4430 666 4495 illorum
690 4427 863 4493 multitudo
881 4430 1099 4514 exemplorum
1118 4449 1136 4493 c
1152 4428 1222 4514 plu·

1239 2744 1265 2784 38
