2924 5046
489 126 568 173 srva
592 126 840 173 nasoonanvu
866 126 969 171 uram.
1011 131 1014 137 ·
1236 109 1295 172 521

137 264 242 332 satis
268 266 369 331 videri
401 268 509 351 potuit
538 269 711 352 aliqnando
743 268 841 332 simili
870 269 978 352 generi
1011 268 1115 332 simile
1139 269 1302 350 substitui,

143 372 255 439 modo
287 373 367 439 haee
396 373 448 437 lex
476 373 703 440 observaretur
726 380 762 439 ut
789 375 822 438 in
851 375 988 460 singulis
1013 375 1169 440 librorum
1193 375 1301 459 dyadi-

143 479 224 542 bus
249 479 451 565 septemplici
481 480 597 545 honori
628 483 799 566 peregrino
830 483 1029 565 septemplex
1058 483 1223 546 Romanus
1254 504 1300 546 re·

145 587 338 665 sponderet.

246 692 341 759 Novo
366 695 512 777 exemplo
531 694 732 778 intellegitis,
756 692 992 758 commilitones
1012 695 1181 777 carissimi,
1204 718 1300 779 quam
1316 710 1376 749 >⁴111

144 816 229 862 vera
249 800 376 864 dicatur
391 822 461 864 esse
475 801 574 865 etiam
587 800 751 864 nesciendi
766 806 870 865 artem
888 800 1056 883 quandam,
1076 824 1140 884 qua
1153 802 1300 885 neglecta

140 922 187 964 ne
209 907 292 971 sciri
310 906 440 991 quidem
460 912 545 972 recte
563 912 682 972 etcum
697 908 822 971 ratione
830 900 950 990 ¹possit.
987 908 1188 990 Quamquam
1203 930 1299 972 unum

139 1011 198 1071 est
226 1012 265 1078 in
287 1013 349 1078 hac
370 1036 453 1098 quaa
473 1013 513 1077 ad
532 1013 716 1097 Imaginum
735 1014 836 1078 libros
855 1015 995 1097 pertinet
1015 1015 1213 1097 quaestione,
1237 1036 1300 1097 quo

145 1131 245 1145 “-,
261 1140 370 1147 ,η’-,-

140 1202 355 1261 meditationes
369 1184 433 1261 suari
448 1206 591 1261 nobiscum
602 1207 736 1261 Henricue
748 1206 885 1260 Bruuuius
896 1206 1090 1272 communicat,
1102 1205 1174 1259 unde
1184 1206 1301 1260 forsitan

140 1285 267 1361 aliquid
282 1295 352 1350 lucis
366 1294 395 1348 in
411 1311 473 1349 eam
488 1313 570 1364 quarn
586 1311 670 1364 supra
683 1294 829 1363 tetigimus
843 1296 1032 1363 quaestionem
1047 1296 1191 1350 redundet.
1219 1295 1301 1367 Apud

138 1379 278 1437 eundem
293 1382 368 1436 enim
383 1382 514 1450 Plinium,
533 1383 577 1437 cui
596 1384 759 1438 memoriam
774 1382 956 1438 hebdomadis
970 1383 1159 1437 Varronianae
1174 1383 1302 1451 antiquos

138 1463 312 1524 statuarios
337 1471 501 1540 complexae
526 1471 634 1541 deberi,
660 1471 689 1526 in
713 1470 816 1527 eodem
835 1473 906 1526 libro
926 1471 1055 1540 XXXIV,
1083 1472 1111 1524 in
1136 1472 1189 1525 fine
1213 1472 1302 1541 partis

135 1547 380 1630 chronologicae,
400 1561 435 1615 ad
455 1561 573 1615 eandem
592 1562 682 1614 artem
700 1561 871 1630 pertinentia
890 1568 997 1630 septem
1017 1560 1130 1615 nomina
1144 1561 1213 1615 haec
1229 1578 1302 1616 com·
1365 1606 1371 1617 .

134 1644 218 1703 P⁰ni
241 1655 324 1733 fiat:
351 1649 492 1704 ‘cessarit
510 1649 622 1704 deindc'
644 1651 718 1720 (post
737 1651 840 1720 olymp.
860 1651 956 1716 CXXI)
977 1651 1031 1704 ‘ars
1050 1666 1082 1703 ac
1101 1668 1195 1703 rursus
1215 1651 1303 1719 olym-

134 1724 241 1790 piade
260 1737 344 1793 CLVI
363 1732 478 1805 revixit,
502 1756 565 1791 cum
583 1739 661 1793 fuere
680 1740 762 1808 longe
781 1740 894 1808 quidem
914 1740 986 1793 infra
1003 1738 1173 1808 praedictos,
1192 1739 1303 1807 probati

132 1816 252 1879 lssmen
270 1828 434 1893 Antaeus,
459 1826 697 1895 Callistratus,
722 1828 881 1896 Polycles
901 1828 1070 1894 Athenaeus,
1090 1827 1303 1896 callixenus,

132 1898 358 1980 Pythoclea,
382 1915 539 1984 Pythias,
563 1915 753 1972 rimosus)
792 1916 851 1970 nee
875 1916 949 1970 enim
977 1917 1302 1971 resacrambam

132 1996 336 2064 cogitandum
360 2003 463 2072 videri,
492 2004 540 2058 sed
564 2005 599 2058 de
624 2003 787 2058 Atheniensi
810 2004 933 2073 Polyele.
969 2006 1032 2060 Non
1056 2005 1142 2075 igitur
1165 2004 1301 2060 dis'simile

132 2083 200 2139 Veri
237 2108 298 2145 asse
317 2109 352 2146 ex
370 2092 541 2163 Imaginibus
559 2092 692 2148 Varronis
711 2093 782 2148 hanc
802 2110 912 2161 quoque
931 2093 1136 2148 hebdomadam
1155 2094 1301 2149 statuario-

132 2185 205 2228 ΠΜ
235 2196 373 2248 manasse,
393 2182 547 2252 dequibus
566 2184 596 2236 in
610 2182 735 2238 Historia
754 2182 890 2236 artificum
909 2182 1014 2236 dictum
1034 2184 1088 2236 vol.
1104 2183 1116 2235 l
1135 2201 1162 2251 p.
1179 2190 1229 2237 535
1241 2202 1301 2253 sqq.

135 2255 211 2318 Vna
239 2286 304 2324 uero
325 2270 478 2338 eademque
497 2272 590 2325 aetate
607 2271 674 2325 illos
693 2269 900 2340 comprehendi,
919 2286 990 2338 quae
1009 2269 1063 2323 fuit
1082 2272 1157 2324 circa
1176 2275 1303 2340 tempora

135 2362 334 2425 expugnatae
349 2357 484 2413 Corinthi.
521 2361 589 2414 Esse
608 2363 701 2413 autem
721 2360 793 2413 hano
813 2376 875 2413 eam
893 2361 1025 2423 aetatem,
1045 2376 1102 2426 qua
1121 2361 1238 2413 Romam
1257 2378 1302 2414 ars

137 2435 266 2498 Graeca
287 2446 415 2517 migrarit
438 2465 595 2517 novumque
618 2448 658 2503 ihi
682 2452 711 2502 et
734 2448 878 2518 proprium
898 2447 1070 2500 domicilium
1091 2448 1233 2502 statuerit:
1262 2450 1301 2516 ut,

137 2544 243 2594 (luam
266 2537 353 2589 artem
375 2553 500 2605 quosque
523 2537 643 2592 artifices
665 2541 810 2607 tamqnam
835 2555 907 2591 nova
931 2535 1066 2590 materia
1086 2535 1148 2588 sinu
1167 2553 1216 2589 suo
1235 2536 1301 2588 urbs

141 2615 254 2675 Rom
269 2623 381 2692 foveret,
400 2625 552 2695 participes
567 2627 687 2694 quodam
703 2626 786 2681 modo
801 2626 889 2695 ipsius
905 2623 1028 2678 civitatis
1038 2623 1180 2677 Romanae
1195 2624 1299 2678 fierent.

141 2703 261 2777 ltaque
277 2712 333 2767 fiori
351 2713 475 2782 potuisse
494 2718 526 2768 ut
542 2716 570 2769 in
585 2717 665 2770 tanta
679 2716 796 2784 penuria
811 2715 1019 2780 statuariorum,
1039 2712 1088 2780 qui
1103 2713 1200 2766 Italica
1214 2712 1301 2781 stirpe

144 2795 271 2853 oriundi
293 2802 416 2871 aliquam
442 2803 546 2857 famam
572 2805 648 2857 nacti
667 2807 773 2872 esseut,
800 2806 925 2858 veterum
945 2804 1113 2857 Graecorum
1134 2802 1301 2855 hebdomadi

149 2880 256 2940 Varro
270 2886 295 2942 in
309 2889 435 2959 proximo
450 2889 522 2945 libro
536 2891 740 2947 hebdomadem
757 2891 942 2961 posteriorum
957 2895 1118 2961 opponeret,
1138 2892 1193 2959 qui,
1207 2909 1303 2959 quam-

152 2985 252 3034 quam
268 2977 410 3048 peregrina
429 2979 550 3051 origine,
573 2982 669 3036 tamen
688 2983 766 3035 velut
784 2970 1020 3050 adoptaticiorurn
1038 2980 1067 3033 in
1088 2980 1148 3034 loco
1168 2998 1185 3033 a
1204 2980 1303 3035 Roma-

151 3054 198 3108 1158
221 3059 396 3135 haberentur,
416 3073 449 3123 nt
467 3071 496 3123 et
514 3070 698 3125 nobilitantes
717 3087 817 3125 novam
837 3071 930 3124 sedem
951 3073 979 3124 ct
997 3071 1033 3124 ab
1048 3070 1146 3123 eadem
1160 3070 1302 3124 nobilitati

152 3140 219 3206 lpfli-
260 3152 346 3223 Atque
372 3155 414 3210 ita
438 3157 524 3212 etiam
551 3159 641 3227 magis
666 3159 793 3229 intellegi
816 3176 900 3228 quam
919 3159 976 3212 rim
995 3158 1066 3212 illud
1085 3159 1201 3226 habeat,
1231 3159 1303 3228 quod

153 3228 219 3283 um
248 3243 414 3298 revixisse
439 3248 530 3301 arum
554 3247 791 3302 suauissimus:
817 3249 900 3314 uem,
927 3265 975 3301 cur·
999 3248 1035 3300 au
1054 3247 1140 3300 cxxi
1165 3248 1200 3300 aa
1221 3247 1304 3301 cavi

154 3311 344 3389 ⁰¹Y¹¹1Pisdem
369 3333 449 3387 tanto
474 3335 607 3404 temporis
625 3335 705 3390 hiatu
724 3336 816 3390 subito
836 3336 986 3391 transiliat.
1007 3368 1040 3374 -
1062 3336 1102 3389 Dc
1122 3353 1178 3404 qna
1197 3336 1303 3389 coniec-

153 3399 220 3456 tum
240 3420 314 3473 omni
333 3437 418 3490 penes
438 3420 508 3476 alios
526 3422 660 3478 iudicium
680 3427 747 3478 esto.
785 3427 878 3478 Vnum
897 3425 951 3479 hoc
969 3423 1105 3491 addimus,
1125 3440 1303 3493 magnacum

152 3489 357 3582 probarum„
376 3509 497 3564 similem
516 3511 760 3568 ratiocinationem
779 3515 814 3567 ad
833 3516 965 3567 Aeneae
984 3529 1131 3581 personam
1151 3512 1303 3578 transferri,

153 3582 200 3665 ⁰¹J¹
224 3579 318 3650 lOeam
336 3597 366 3651 in
385 3597 473 3652 Εἰκὸει
491 3600 624 3654 Varronis
644 3602 754 3655 loannis
773 3601 845 3670 Lydi
864 3601 1055 3655 testimonium
1074 3600 1176 3654 tribuit
1194 3600 1228 3654 de
1247 3618 1304 3655 ma-

149 3663 232 3748 ,gmtl-
255 3678 282 3752 Ι,
300 3693 341 3741 30.
379 3686 452 3740 Nam
476 3688 550 3742 hunc
568 3691 601 3742 ut
620 3708 699 3743 suum
720 3690 773 3745 sibi
793 3690 934 3744 vindicare
954 3691 1158 3744 consueverunt
1176 3688 1304 3755 Romani,

150 3742 195 3798 ἠδ
215 3753 370 3830 VtArronem
396 3776 572 3844 potissimum
592 3795 609 3832 a
627 3777 740 3833 Graecis
758 3779 890 3833 heroibus
910 3795 1072 3849 segregasse
1091 3795 1124 3832 eo
1143 3775 1304 3831 credibilius

148 3835 214 3938 mr·
229 3867 286 3918 ‘luo
305 3865 414 3935 aegrius
433 3865 462 3919 in
478 3867 532 3920 hoo
547 3867 608 3936 ipso
623 3885 724 3935 genere
739 3869 775 3921 ad
789 3867 989 3922 abundantiam
1005 3866 1172 3921 Graecorum
1188 3864 1303 3919 Italicae

146 3924 336 4048 ganurafi,
354 3953 451 4022 inopia
469 3956 722 4025 appropinquabat.
738 3988 772 3996 —
791 3958 919 4011 Ceterum
940 3957 968 4010 iu
987 3955 1188 4025 perlustrandis
1207 3954 1301 4009 elassi-

167 4017 206 4064 ⁸¹⁸
226 4021 371 4095 hominum
390 4044 559 4112 inlustrium,
578 4062 649 4113 quae
664 4045 782 4098 Varroni
801 4046 992 4113 suppeterent,
1012 4060 1096 4111 snpra
1108 4042 1202 4111 potuit
1216 4041 1302 4095 etiam

144 4090 274 4232 tghlffis
290 4129 367 4185 locus
385 4132 471 4187 tribui
491 4134 576 4200 atque
594 4132 812 4202 gladiatoribus,
837 4131 930 4201 potuit
948 4131 1010 4186 aliis
1028 4132 1157 4185 ludorum
1176 4129 1301 4199 publico-

186 4200 223 4248 ¹¹¹
244 4212 398 4287 victoribus,
418 4221 512 4292 poan
530 4221 612 4276 orsas
632 4221 802 4276 munerans.
