2924 5046
595 319 877 366 connnursruvs.
1241 303 1305 366 247

172 469 198 529 91
219 463 365 547 profecto
387 484 456 527 non
478 464 550 527 erat
571 461 732 544 petiturus
755 466 893 527 tantum.
929 460 982 524 Ab
1006 481 1104 523 uxore
1127 464 1235 529 autem
1254 482 1306 544 pe-

168 571 249 634 tendi
274 571 383 655 potius
406 591 504 653 quam
527 568 712 652 postulandi
736 590 774 632 eo
797 567 872 650 plus
896 588 1029 630 caussae
1048 565 1160 632 Laelio
1183 566 1246 631 fuit
1264 603 1306 613 -

166 678 186 740 si
208 675 309 742 modo
333 675 426 740 ‘certi
449 672 604 740 auetoris'
628 673 740 738 fabula
763 695 838 737 vera
861 710 904 716 —
928 672 1014 756 quod
1036 672 1305 738 Matronaliorum

165 781 208 846 die
237 779 294 868 (eo
322 782 408 847 enim
436 785 582 866 spectare
609 780 757 845 kalendas
784 780 923 844 Martias
951 779 1075 862 pridem
1105 780 1306 846 intellectum
1320 805 1360 845 arc

163 887 218 973 cst)
249 911 352 972 penes
379 892 546 953 matronas
576 887 643 952 sive
670 890 817 970 potestas
845 890 879 950 et
906 886 1084 951 auctoritas
1107 887 1176 951 sive
1199 888 1307 973 gratia

163 999 188 1056 et
209 995 351 1060 libertas
375 999 454 1059 erat.

243 1135 352 1201 Versu
382 1136 400 1200 3
430 1157 468 1199 er
496 1136 529 1198 A
565 1134 743 1218 repositum
777 1154 900 1215 seroque
936 1134 1008 1216 ipsa
1042 1134 1196 1217 loquendi
1232 1155 1305 1198 oon-

163 1242 297 1308 suetudo
322 1241 469 1308 Suetonii
492 1240 707 1324 commendat,
730 1241 785 1324 qui
807 1261 874 1305 sero
898 1242 1020 1305 19191991
1043 1241 1141 1306 etiam
1161 1241 1244 1327 Aug.
1263 1242 1306 1305 04

161 1342 225 1408 init.
240 1346 336 1413 Galb.
351 1349 395 1413 20
409 1347 523 1426 iunxit,
541 1349 640 1411 serius
655 1348 777 1411 totidem
791 1369 960 1431 nusquam,
978 1347 1042 1411 nisi
1057 1347 1133 1432 quid
1148 1371 1198 1411 me
1213 1349 1306 1432 fugit

250 1472 357 1538 Versu
380 1473 415 1538 10
436 1474 563 1557 fecerint,
587 1472 671 1556 quod
695 1470 794 1555 vulgo
819 1475 1007 1555 corruptum
1025 1472 1061 1535 in
1076 1474 1171 1557 sucre,
1194 1472 1305 1538 eodem

164 1569 306 1646 Parisino
329 1581 419 1664 duee,
441 1581 476 1645 in
500 1603 563 1665 quo
584 1579 658 1660 suci
679 1582 737 1661 cst,
759 1577 888 1642 restitui
911 1578 1022 1643 eadem
1041 1579 1177 1645 rationis
1197 1601 1305 1644 neces-

165 1674 259 1749 silete
279 1710 342 1772 qua
364 1711 395 1772 p.
419 1686 552 1770 21014
575 1707 592 1749 9
615 1683 922 1749 1119119191119111119
945 1686 1089 1751 dicautur
1111 1685 1226 1770 effecit,
1249 1687 1305 1751 ubi
1330 1770 1340 1776 -

165 1780 285 1858 soloece
305 1793 383 1858 libri
408 1793 582 1858 deteriores
605 1792 785 1856 dicerentur.

255 1914 355 1984 Versu
374 1918 404 1982 ll
426 1917 601 2003 diligenter
618 1915 790 2000 pensitatis
811 1937 892 1999 quae
910 1916 1040 1999 prolata
1060 1923 1136 1982 sunt
1155 1919 1314 2008 omnibus

161 2022 234 2082 ”011
256 2026 342 2108 potui
371 2046 438 2113 non
465 2024 553 2089 viam
578 2023 657 2088 olim
681 2021 867 2087 institutam
890 2021 1020 2107 Parerg.
1044 2046 1074 2106 p.
1098 2023 1163 2088 300
1187 2027 1304 2089 tenere.

159 2106 256 2194 Quod
272 2132 355 2196 enim
375 2155 395 2196 a
408 2129 611 2217 Mommseno
630 2127 836 2212 propositum
856 2132 907 2193 est
925 2127 1009 2211 apud
1024 2128 1180 2194 Rothium
1193 2154 1224 2215 p.
1242 2131 1305 2196 182

154 2219 174 2276 1
204 2239 265 2317 qui
279 2237 462 2305 1191911119
485 2237 576 2321 ludis,
598 2235 631 2300 id
654 2234 783 2319 quidem
802 2256 865 2318 quo
884 2233 1014 2300 tandem
1034 2235 1130 2300 modo
1150 2237 1212 2301 tibi
1231 2260 1302 2321 per-

150 2339 307 2408 tuadebis
330 2341 501 2427 depravari
523 2342 557 2406 in
579 2342 684 2424 etqui
706 2340 919 2431 consularibus
943 2341 1024 2405 tardis
1045 2343 1213 2424 potuisse?
1259 2343 1305 2410 Et

146 2437 235 2511 ‘llis
261 2447 389 2514 tandem
419 2449 509 2513 datos
538 2468 607 2511 esse
636 2447 789 2526 fabarios
819 2445 903 2510 ludis
931 2445 1117 2513 Floralibus
1147 2449 1303 2515 tradidit?

144 2528 280 2618 Quibus
311 2559 402 2619 actos
436 2575 506 2618 esse
539 2555 655 2619 mimos
689 2553 820 2618 scimus:
855 2554 982 2633 fabulas
1014 2560 1121 2620 autem
1149 2579 1303 2641 umquam

140 2637 261 2724 dictos
288 2661 406 2724 mimos
435 2658 627 2743 simpliciter
654 2658 853 2744 ignoramus.
898 2657 944 2722 Et
967 2660 995 2722 si
1018 2661 1102 2726 forte
1126 2663 1232 2727 mimis
1255 2663 1303 2727 fa-

140 2743 255 2831 bulas
276 2766 456 2851 posteriore
480 2769 587 2830 aetate
611 2766 838 2830 successerint:
867 2768 902 2828 at
924 2766 1103 2848 posteriore
1127 2773 1234 2833 aetate
1257 2770 1302 2834 fa·

136 2850 255 2968 01199
276 2872 374 2938 etiam
394 2869 582 2952 Cerealibus
600 2871 685 2935 ludis
705 2875 870 2955 spectatae
889 2876 973 2956 sunt,
996 2876 1041 2957 ut,
1061 2875 1115 2958 qui
1135 2874 1210 2940 hinc
1228 2898 1302 2940 con·

133 2977 311 3043 aetnam
335 2999 451 3062 capere
474 2977 512 3042 de
536 2976 637 3041 simili
659 2977 810 3042 instituto
834 2977 957 3042 liberae
981 2978 1194 3062 reipublicae
1215 2981 1303 3066 velit,

132 3085 302 3150 profacto
334 3085 432 3149 etiam
463 3083 665 3168 probabilius
695 3083 868 3150 Cerealibus
898 3084 998 3148 latare
1028 3085 1064 3149 in
1090 3087 1302 3154 cacabatus

132 3172 224 3252 sibi
249 3191 436 3274 persuaderi
466 3214 486 3255 a
508 3190 587 3256 Tan.
611 3189 718 3257 Fabro
741 3191 892 3274 patiatur.
938 3189 1052 3274 Itaque
1075 3215 1148 3257 cum
1170 3216 1229 3259 nec
1253 3218 1302 3260 co-

131 3296 300 3362 IllOedias
323 3297 419 3364 datas
442 3296 526 3363 ludis
545 3296 740 3380 Floralibus,
762 3319 820 3362 nec
843 3296 878 3360 in
900 3296 952 3361 his
976 3298 1147 3383 quicquam
1171 3302 1222 3365 191
1245 3302 1303 3366 illa

132 3394 336 3470 ΕΘ11991919]
360 3427 380 3469 a
404 3403 546 3490 Sulpicio
566 3404 661 3471 Gallo
685 3409 840 3469 novatum
863 3403 931 3469 ullo
954 3406 1142 3471 testimonio
1167 3412 1302 3491 constet,

133 3509 272 3608 tenua
293 3512 483 3577 testimonio
507 3511 688 3577 certissimo
712 3511 796 3576 idem
816 3509 977 3595 Sulpicius
1001 3533 1072 3576 eum
1096 3512 1301 3578 9119191911-

136 3598 251 3679 tana
275 3618 430 3702 societur,
460 3622 497 3682 ut
523 3640 586 3701 quo
611 3618 739 3682 consule
762 3617 902 3700 primam
925 3617 993 3681 eius
1017 3621 1133 3700 poetae
1156 3619 1301 3684 fabulam

141 3702 315 3789 indriam
348 3728 456 3789 actam
489 3747 558 3789 asse
591 3723 675 3788 ludis
703 3716 943 3808 Megalensibus
976 3746 993 3787 9
1021 3723 1190 3808 deperdita
1217 3748 1301 3791 nunc

144 3810 334 3896 didascalia
360 3828 508 3896 Donatus
542 3829 733 3914 prodiderit,
764 3852 829 3894 non
858 3830 1001 3894 videmur
1029 3831 1133 3916 egisse
1163 3831 1300 3898 inconsi-

151 3955 299 4037 temnus
326 3996 400 4039 eum
427 3940 447 4053 0
474 3972 686 4039 maanus
713 3977 827 4038 natum
855 3993 924 4036 esse
953 3993 969 4035 9
996 3949 1016 4051 ἃ
1043 3973 1180 4052 coraule
1201 3994 1299 4055 acopo·

158 4061 733 4154 11η810999911191111111111919119999
758 4077 966 4142 simillimum.
1008 4076 1097 4142 Ν919
1121 4079 1192 4162 quis
1216 4080 1300 4144 forte

165 4169 252 4246 lssdos
271 4186 462 4271 Mepoterasas
490 4189 622 4268 expetat
649 4206 707 4267 pro
735 4185 962 4267 iliopolcasibus
989 4184 1083 4265 ludis,
1112 4183 1299 4249 Suetonium
1339 4251 1347 4257 ,

90 4338 98 4391 3
175 4279 250 4351 “lito
270 4290 330 4358 hoo
358 4293 431 4377 ipso
462 4292 633 4357 verborum
662 4281 773 4355 ordine
801 4294 931 4355 tantum
958 4313 1023 4354 non
1052 4311 1180 4374 semper
1207 4313 1299 4355 usum

181 4378 306 4471 (Um
326 4398 374 4471 ad
400 4397 648 4465 similitudinem
672 4418 888 4481 eorumquae
912 4396 953 4460 ad
975 4418 1005 4479 p.
1029 4396 1152 4479 205,3
1180 4399 1298 4462 tracta·
