2924 5046
218 346 282 410 356
638 362 684 407 uu
707 362 741 408 u.
764 361 937 408 vunnours

218 528 243 568 c.
268 505 310 568 23
334 505 394 568 sic:
432 505 621 568 dialecticam
651 510 679 567 ct
708 504 890 567 elector-icum
919 503 1019 567 Varro
1042 503 1077 565 iu
1100 522 1208 566 uouuu
1229 495 1417 584 discipli·

218 633 333 675 uarum
362 612 449 675 libris
477 612 534 675 toli
561 611 764 675 similitudine
790 611 945 691 defireiuit:
977 609 1137 674 dialectica
1164 615 1193 673 ct
1215 607 1421 673 rauci-ica

218 726 261 783 est
283 721 364 802 quod
391 720 425 782 iu
448 739 544 782 eriuuu
567 718 702 782 lcoueiuis
719 737 845 799 perprius
867 718 1012 780 astrictus
1034 721 1062 779 et
1080 717 1193 797 palaea
1214 717 1424 780 distensa-¹

218 826 275 889 illu
298 826 388 890 vuerba
409 824 602 902 coretrulceus,
631 825 689 888 istu
712 825 893 888 distendens.
938 821 1051 906 Ipsum
1079 825 1189 886 autem
1217 822 1293 885 libri
1350 816 1429 880 ixi-

219 932 321 996 dioem
351 954 390 995 ne
419 931 490 1014 quis
518 931 566 994 ita
589 931 834 1013 interpretetur,
863 934 900 993 ut
922 929 1000 993 item
1024 930 1210 1012 septenario
1233 941 1433 992 numero

220 1039 369 1102 definitas
393 1036 580 1120 disciplinas
600 1036 779 1100 Varronem
803 1039 897 1119 putet
919 1057 1035 1100 novem
1058 1035 1152 1099 libris
1178 1035 1437 1119 explicasse,

220 1137 355 1228 quoruin
385 1166 449 1208 nno
479 1144 621 1227 potuerit
644 1144 843 1207 eoiuuueuiter
866 1143 902 1207 de
924 1143 1065 1206 ouiuetaes
1088 1142 1186 1223 loqui,
1216 1165 1317 1227 quem
1326 1134 1440 1204 atl-

219 1250 350 1314 modum
369 1249 447 1313 fecit
466 1250 644 1332 praemisso
665 1250 913 1334 antiquitatibus
927 1270 1033 1312 rerum
1048 1248 1270 1312 humanarum
1284 1250 1376 1313 lib
1389 1263 1442 1306 1⁰

219 1360 302 1419 teste
328 1355 510 1438 Augustino
535 1357 573 1420 de
597 1357 656 1421 civ.
681 1356 731 1419 dei
756 1355 812 1438 Vl,
827 1356 862 1419 3:
886 1354 999 1419 statim
1024 1355 1203 1419 subicimus
1227 1346 1445 1420 vitruvii

222 1463 327 1545 verba,
351 1483 367 1524 e
391 1463 507 1544 quibus
531 1463 709 1525 certissime
733 1461 933 1545 intellegitur
951 1461 1095 1546 singulas
1114 1461 1255 1546 singulis
1275 1452 1445 1527 libris

221 1567 411 1652 disciplinas
435 1568 625 1631 distributas
650 1590 729 1650 esse,
752 1568 808 1630 liu.
823 1566 885 1631 Vll
911 1567 1011 1650 praef.
1037 1569 1091 1631 14:
1114 1568 1267 1649 Fufidius
1288 1562 1446 1634 enim

220 1675 335 1736 sutirum.
358 1675 394 1737 de
416 1674 464 1738 luis
486 1675 575 1737 rebus
592 1675 716 1755 miraeus
735 1674 870 1736 instituit
887 1675 972 1736 eelerc
988 1673 1146 1737 coleeuceu:
1169 1676 1245 1740 item
1262 1677 1446 1740 Terea·

221 1780 282 1843 tius
310 1780 410 1842 Varro
432 1781 472 1844 dc
494 1801 616 1844 escuem
639 1781 873 1860 disciplinis,
896 1800 993 1842 rescisus
1016 1781 1054 1843 ele
1076 1779 1298 1848 ordeiteeturu:
1385 1771 1445 1839 Ι

195 1885 389 1968 sSeptirnius
410 1888 478 1951 deco.
519 1886 621 1949 Vtin
645 1886 747 1969 ipsius
771 1886 865 1969 primi
889 1885 963 1948 libri
988 1887 1155 1968 prooemio
1181 1889 1446 1974 complexus

221 2014 304 2075 esse,
332 2015 414 2076 quae
443 1994 484 2058 ad
508 2014 609 2077 genus
634 1993 820 2056 universum
844 1994 1038 2075 spectarent,
1062 1991 1219 2060 videatur.
1266 1986 1446 2072 Quale

221 2098 300 2161 illud
330 2101 380 2160 est
407 2099 490 2182 apud
516 2096 747 2163 Cassiodorum
776 2121 804 2180 p.
829 2099 893 2162 528
909 2098 944 2161 b:
979 2101 1057 2163 seire
1086 2105 1190 2164 aarum
1217 2102 1445 2166 Menaeis

220 2206 299 2268 sicut
326 2205 425 2267 l'urro
448 2207 534 2283 (licit,
556 2207 702 2270 utilitatis
725 2206 857 2269 ulieriius
880 2225 989 2269 call-ssa
1012 2207 1152 2270 orciniam
1174 2208 1295 2272 urticam
1338 2216 1446 2266 ezr·

220 2313 331 2376 stitisse
348 2313 526 2393 principia:
551 2319 583 2378 et
606 2313 691 2376 haud
717 2313 813 2376 dubie
837 2312 901 2375 alia
925 2312 1092 2394 complura
1114 2335 1180 2378 non
1199 2306 1449 2379 nominato

222 2422 352 2483 auctore
376 2418 425 2481 vel
451 2440 470 2480 a
494 2415 687 2482 Cassiodoro
711 2418 761 2481 vel
786 2417 826 2480 ab
850 2416 974 2480 Isidoro
998 2421 1095 2501 atque
1120 2419 1219 2482 ctiam
1244 2443 1265 2485 a
1286 2416 1451 2484 llas·

221 2524 315 2589 ciano
335 2524 471 2607 Capella
489 2524 647 2606 exposita,
671 2523 781 2606 qualia
804 2526 914 2587 tamen
938 2527 973 2586 ut
996 2524 1028 2586 in
1053 2525 1242 2591 coniectura
1259 2546 1374 2610 pos
1383 2516 1452 2580 iit

221 2632 255 2695 in
279 2631 442 2715 praesenti
467 2629 758 2714 praetermittimus
783 2628 901 2692 omnia.

760 2829 780 2905 ξ
800 2827 829 2888 3.

317 2955 341 3017 l.
379 2951 583 3034 Singulorum
609 2954 716 3013 autern
741 2949 897 3013 librorum
922 2955 1113 3033 argumente
1136 2946 1449 3037 indaganti‘btt

221 3064 351 3143 praesto
375 3059 455 3121 hacc
478 3062 554 3119 sunt
576 3058 694 3139 partini
720 3061 832 3139 aperta
856 3057 1043 3120 testimonia
1065 3060 1186 3140 partim
1211 3083 1276 3124 nou
1298 3060 1448 3124 ειη

222 3167 321 3248 bigua
341 3164 486 3246 vestigia,
509 3186 566 3245 per
585 3163 693 3226 callem
714 3164 773 3226 illa
792 3164 996 3247 potissimum
1017 3164 1140 3247 scripta
1159 3165 1245 3230 haud
1264 3188 1308 3249 pa
1323 3163 1446 3223 1Ὗο

223 3292 355 3335 numero
384 3292 505 3352 sparse.
551 3269 598 3332 Ao
626 3270 665 3332 de
694 3269 863 3333 dialectica
890 3274 923 3332 et
952 3269 1115 3335 rhetorica
1139 3273 1204 3336 iam
1228 3268 1447 3337 vidit-²¹¹⁸

224 3382 328 3440 antea.
374 3374 419 3438 Et
447 3375 677 3440 dialecticae
706 3376 835 3459 quidem
859 3379 1024 3440 auctorem
1048 3376 1230 3442 Varronem
1254 3355 1445 3463 31)er

224 3488 408 3569 opertorum
434 3484 603 3547 verborum
630 3482 766 3547 artificio
791 3484 891 3546 etiarn
917 3483 1100 3547 Marcianus
1126 3483 1173 3548 IV
1201 3509 1231 3569 p.
1255 3487 1296 3551 96
1388 3456 1446 3523 ρὰ

225 3587 315 3655 Grot.
338 3588 493 3673 prodidit,
525 3589 615 3651 illam
646 3589 751 3671 ipsam
774 3589 984 3671 prodeuntem
1008 3587 1129 3652 faciens
1153 3595 1187 3654 et
1210 3593 1256 3657 sio
1277 3582 1446 3680 essof‘

225 3697 377 3761 dientem:
402 3695 448 3758 Ni
473 3694 622 3757 Varronis
646 3696 705 3757 ma
727 3696 807 3759 iutcr
829 3696 968 3759 Lotiulas
986 3696 1106 3777 ‘plurius
1128 3698 1270 3763 celebrati
1290 3702 1387 3763 27²
1397 3664 1448 3782 'll

224 3805 354 3868 criiditio
379 3803 591 3882 irnlustriuquc
612 3808 787 3885 suppeteret,
804 3823 925 3884 possem
946 3803 1066 3882 seusina
1080 3802 1216 3869 Doricae
1232 3790 1449 3887 notiOss'f

224 3912 309 3992 opud
331 3910 497 3973 lioruuleue
526 3909 606 3971 cocis
635 3911 780 3973 eaoeuiuo
810 3915 865 3973 oret
894 3911 1060 3973 oelmodrun
1091 3911 1180 3974 eredis
1208 3918 1265 3975 uret
1291 3881 1452 3977 ΜΝ

225 4019 358 4082 barbara
387 4018 523 4103 reperiri.
573 4017 684 4097 quippe
706 4023 779 4098 post
805 4018 947 4083 Plotouis
976 4038 1107 4081 curcum
1135 4018 1252 4098 tlremeu
1279 3999 1454 4083 atat

225 4124 455 4188 tesserariam
476 4123 654 4201 statuuat
677 4124 724 4186 m.
750 4125 885 4188 reatu
906 4125 1015 4205 praa
1036 4144 1086 4187 aa
1109 4125 1141 4188 u
1166 4125 1296 4189 cauum
1390 4103 1456 4154 „a

225 4252 287 4295 euri
305 4230 432 4311 pellexit
453 4229 609 4291 indistria
632 4251 668 4292 uc
688 4231 782 4309 feudi
799 4230 1033 4311 passibilitatem
1049 4251 1110 4311 per
1131 4230 1251 4297 attolus
1270 4206 1459 4296 2451st

225 4339 296 4400 uias
321 4337 517 4416 corriporouil.
563 4334 614 4398 Ad
643 4357 716 4398 cum
744 4336 782 4398 de
810 4335 978 4399 dialectica
1001 4335 1119 4400 librum
1142 4336 1284 4421 pertinet
1301 4306 1460 4401 ‘⁶¹‘

227 4447 312 4508 tasse
336 4441 434 4506 Gellii
465 4441 621 4524 quaedam
652 4444 809 4508 memoria
839 4442 930 4528 XVI,
953 4443 987 4507 8:
1023 4462 1094 4508 uem
1121 4442 1160 4515 ts
1184 4442 1216 4503 ἃ
