2924 5046
349 349 398 397 nn
417 350 452 396 n.
466 350 639 399 varronis
660 350 934 397 nisorernunnvn
952 349 1077 396 uraris.
1218 331 1283 393 353

74 493 235 571 sunt,
261 512 341 575 quae
372 491 457 555 infra
485 493 652 575 posuimus
681 493 768 576 quod
797 515 906 556 eorum
931 496 1054 555 certum
1078 480 1284 554 volumusin

66 584 357 678 disputatione
386 602 501 663 nostra
525 621 618 662 usum
642 620 719 662 esso.
765 597 960 662 Exordimur
984 596 1024 659 ab
1048 596 1172 661 Isidoro
1197 596 1283 681 Orig.

64 691 96 754 Ῑ
182 723 221 766 e.
240 704 272 766 2:
308 703 549 787 Disciplinac
576 705 750 769 liberalium
778 707 895 767 actitem
922 708 1032 785 septem
1055 710 1135 767 acret.
1175 705 1284 785 primu

45 813 341 882 ,Grammatico
365 814 384 875 i.
407 834 430 877 e.
455 813 597 894 loquendi
614 813 739 895 pueritia.
784 813 916 875 seacnda
944 811 1095 874 rhetorica
1113 862 1120 874 .
1141 861 1147 874 .
1168 860 1175 875 .
1194 812 1285 873 tentia

49 911 294 982 diaconia
317 924 510 1001 cammenata
533 920 631 1002 topica
645 968 652 982 .
668 969 674 983 .
690 971 697 982 .
711 925 824 1001 occarta
838 917 1031 981 arithmetica
1053 939 1131 1000 acrae
1153 918 1286 980 continet

47 1036 336 1088 ‚assererem-nr
362 1046 489 1090 caussas
515 1031 544 1089 et
569 1026 740 1090 divisiones.
786 1026 896 1106 quinta
919 1026 1037 1088 incisim
1060 1046 1137 1105 aecae
1159 1025 1194 1087 in
1217 1044 1283 1087 cac·

45 1130 162 1190 mi
165 1132 271 1196 nemis
298 1133 495 1214 cantilnesauc
523 1133 668 1196 consistit.
713 1136 799 1196 senta
819 1132 1001 1213 pmrntcica
1023 1151 1102 1211 arrae
1124 1151 1285 1194 mensuras

43 1230 396 1319 <linamentisque
423 1237 637 1320 complectitur.
683 1239 811 1319 septirna
840 1238 1030 1301 astronomia
1053 1258 1130 1317 qnae
1152 1238 1286 1301 continet

45 1334 231 1419 leyen
256 1349 421 1409 astrorum.
467 1342 520 1408 Ab
549 1343 675 1409 Isidoro
705 1343 815 1427 aliqua
843 1365 881 1406 ex
908 1347 1000 1426 parte
1028 1342 1191 1426 discrepat
1219 1364 1283 1406 uuo

47 1443 265 1513 circiter
293 1450 421 1513 saeculo
451 1450 556 1515 maior
578 1447 792 1514 Cassiodorus
816 1471 854 1513 eo
877 1449 963 1513 libro
987 1470 1083 1532 quem
1106 1451 1142 1512 de
1164 1448 1284 1511 artetes

45 1552 122 1608 “'t
195 1555 413 1636 disciplinis
446 1555 621 1619 tiberalium
649 1556 825 1619 litterarum
855 1555 996 1639 scripsit,
1034 1556 1080 1618 sic
1110 1556 1196 1618 enim
1226 1554 1282 1617 ille

53 1659 204 1724 vol,
225 1660 256 1723 ΙΙ
279 1684 310 1745 p.
325 1663 416 1727 2581>
440 1661 488 1725 ed.
512 1660 636 1726 Garett.
661 1662 695 1725 in
718 1661 933 1745 praefatione:
955 1662 1172 1741 dicemlmnque
1189 1662 1283 1742 perires

51 1766 161 1823 (ἰδέ
205 1769 239 1831 dc
259 1773 325 1832 arte
344 1771 559 1853 praerinmtioa,
582 1790 661 1852 puae
682 1774 726 1835 est
746 1770 883 1834 videlicet
900 1770 984 1850 oripo
1002 1773 1030 1830 ct
1046 1767 1280 1847 fundumentum

59 1855 312 1938 liberatum
344 1875 518 1940 litterarum
547 1926 678 1941 .....
711 1876 840 1946 secundo
873 1876 909 1938 de
940 1880 1006 1937 acte
1036 1873 1186 1937 rlretomm
1213 1924 1220 1938 .
1245 1923 1283 1938 ..

63 1967 225 2044 lertio
252 1983 288 2045 de
310 1981 408 2064 aaa
429 2003 507 2064 auae
529 1983 687 2047 dialectiea
708 1986 908 2063 nrcncupatur
931 2031 938 2042 .
962 2029 969 2042 .
992 2030 999 2043 .
1027 1986 1136 2060 quarto
1158 1982 1195 2044 de
1216 2001 1283 2043 ma-

64 2070 299 2153 *luvaniae
325 2109 404 2169 quae
429 2094 574 2171 quattuor
600 2090 805 2174 complectitur
832 2088 1026 2168 disciplinas,
1057 2087 1092 2150 id
1116 2093 1159 2150 est
1184 2086 1282 2150 aritt·

65 2193 289 2272 mesiam,
322 2196 549 2277 yconietricam,
585 2196 736 2259 russicam
772 2200 801 2259 et
835 2195 1081 2259 astronomicam.
1134 2194 1280 2258 Eandem

67 2299 246 2365 autem
268 2301 353 2365 hanc
377 2301 647 2386 quadripartitam
671 2302 920 2385 descriptionem
944 2323 1002 2365 nec
1025 2300 1167 2365 Isidorus
1192 2301 1308 2384 igno-r

64 2404 200 2487 rat,
221 2408 320 2473 immo
345 2409 492 2492 sequitur
514 2409 549 2472 in
570 2408 654 2472 libro
678 2407 737 2487 ΙΙΙ,
761 2407 817 2471 ubi
841 2407 881 2471 ad
904 2407 1010 2490 ipsam
1034 2407 1280 2490 explicationem

66 2492 383 2599 disciplinarum
407 2514 710 2579 mathematicamm
735 2515 870 2580 accedit:
893 2514 1110 2577 mathematica
1125 2563 1132 2578 .
1146 2562 1176 2576 ..
1195 2514 1282 2575 cicius

61 2615 255 2686 *Decus
274 2625 349 2686 arnt
376 2625 534 2704 ariadnen,
567 2623 600 2685 id
626 2626 671 2685 est
696 2620 901 2701 arittrnetica,
933 2622 1063 2702 arausica,
1092 2621 1281 2701 yconietcica,

63 2722 343 2792 astronom-io:
366 2749 505 2812 quocum
529 2727 679 2810 congruit
701 2726 781 2810 ipsis
796 2726 967 2809 Originum
987 2726 1080 2788 libris
1103 2726 1281 2808 praemissa

65 2821 160 2923 {d
204 2833 412 2897 Braulionem
436 2833 622 2917 episcopum
642 2832 781 2916 epistula
795 2832 850 2896 Vl.
887 2831 959 2895 Nisi
979 2832 1064 2915 quod
1084 2833 1191 2915 priore
1209 2832 1280 2896 loco

66 2918 196 2999 ¹110
220 2941 252 3006 in
277 2938 469 3024 quibusdam
493 2939 586 3003 libris
610 2940 737 3004 inverso
762 2938 873 3002 ordine
898 2942 973 3003 ante
996 2940 1146 3002 irrccsicam
1166 2960 1280 3019 aeonio·

63 3024 216 3109 ‘fica
238 3051 271 3111 et
294 3049 567 3111 commemoratur
590 3048 623 3109 et
644 3050 818 3128 tractatur,
841 3068 972 3129 prorsus
996 3045 1030 3108 id
1054 3046 1180 3128 quidem
1206 3045 1280 3111 Oas-

63 3133 260 3217 ⁵1iodori
293 3152 449 3236 exemplo.
494 3149 672 3235 Vulgarem
708 3155 819 3215 tanren
856 3152 1000 3216 ordinem
1038 3158 1145 3217 servat
1182 3153 1279 3216 etiarn

62 3224 271 3325 Boetius
302 3259 398 3323 initio
431 3258 587 3323 librorum
617 3256 657 3320 de
680 3258 893 3321 arithmetica.
928 3295 969 3303 —
1003 3258 1140 3323 Rursum
1172 3264 1280 3322 autem

66 3356 248 3432 Paullo
275 3369 350 3431 aute
373 3363 605 3430 Cassiodorum
632 3364 667 3426 in
691 3384 805 3426 novem
829 3362 985 3428 Marciani
1011 3361 1162 3447 Capellae
1187 3365 1280 3427 libris

73 3466 268 3537 easdem
292 3476 378 3536 artes
402 3471 464 3536 hoe
487 3469 597 3534 ordine
620 3472 836 3554 pertractatas
860 3470 1035 3553 reperimus
1059 3495 1078 3533 a
1096 3472 1151 3535 lib.
1167 3472 1215 3534 ΙΙΙ
1240 3472 1280 3534 ad

73 3546 204 3641 IX:
231 3579 483 3662 prammaticanr,
504 3577 708 3659 dialecticam,
731 3577 927 3661 diatonicam,
947 3581 1156 3660 acoructriam,
1180 3579 1279 3641 arilli·

80 3680 293 3768 mnam,
319 3685 555 3762 mirmiram,
584 3685 743 3748 ncrrsieam.
788 3674 958 3749 Postremo
982 3685 1280 3748 commemorandus

88 3783 276 3876 utroque
299 3790 388 3876 prior
411 3789 626 3875 Augustinus,
649 3789 700 3853 his
724 3790 779 3853 ille
803 3790 911 3853 verbis
935 3790 973 3853 de
998 3791 1064 3854 suis
1089 3789 1203 3852 studiis
1228 3812 1279 3852 ox·

97 3895 264 3961 ponens
286 3896 461 3963 Retractat
483 3895 499 3960 I
523 3918 548 3960 c.
572 3897 606 3961 6:
630 3895 692 3960 Per
714 3898 793 3960 idem
817 3902 933 3979 terrenus
955 3918 1014 3978 qno
1037 3897 1210 3960 Mediolani
1230 3897 1281 3976 fui

109 4003 352 4033 N.—

116 4069 306 4160 Rbffllique
333 4106 400 4146 cura
425 4090 616 4159 illustrantur,
644 4090 798 4144 coniunctis
826 4091 919 4143 autem
940 4089 1046 4143 Vestris
1073 4089 1281 4157 illustriumque

130 4166 312 4247 muman
338 4178 499 4235 vestrorum
528 4178 749 4233 academicorum
783 4177 906 4232 consiliis
934 4179 1018 4232 ctiam
1047 4178 1280 4231 consociationem

130 4246 351 4325 -ffllflhoutut
366 4265 457 4339 ipsius
474 4265 651 4336 antiquitatis
670 4267 797 4336 exemplo
816 4267 1007 4330 nobilitatam,
1032 4285 1088 4334 qua
1107 4267 1184 4319 volut
1202 4266 1282 4319 unius

340 4354 418 4413 mi.
443 4355 553 4424 pridem
579 4355 707 4426 copulari
734 4359 798 4410 sunt
825 4358 931 4411 solitae.
971 4356 1076 4410 Valctc.
1120 4356 1281 4410 Scribebam

492 4444 520 4480 *²¹
547 4462 574 4503 a.
592 4446 866 4506 ffiiococx'iiniv!
905 4445 933 4499 C.
951 4445 1006 4514 W.]

588 4554 594 4568 ¹
1036 4540 1068 4586 23
