2888 5040
538 338 821 386 counannaarvs.
1191 320 1254 383 231

176 474 206 539 u
222 475 316 543 initium
341 480 471 565 quidem
500 480 615 544 horum
645 503 793 545 versuum
822 480 920 564 longo
949 501 987 543 ex
1015 483 1161 562 tempore
1190 479 1266 543 tale.

176 581 278 667 valgum
293 585 357 651 loeo
379 587 502 670 priore:
532 589 579 652 uu
602 587 735 652 Pullus
752 586 762 669 ΙΙ
780 585 883 668 Su‘pio
900 587 1036 668 profuit,
1059 586 1107 649 uu
1128 587 1157 649 ci
1179 585 1256 649 Iuo'-

174 687 218 770 ta,
232 691 267 755 ail
281 692 408 759 Furius:
442 717 462 758 a
485 717 548 778 qua
572 694 678 778 specie
702 694 750 757 ita
773 697 901 757 tantum
926 692 1128 758 Rothianum
1152 712 1255 754 exem·

173 792 230 875 plan
247 796 334 863 differt
356 804 393 864 ut
416 801 467 865 uli
489 822 547 884 pro
566 802 595 864 ci
613 800 820 865 substituerit
839 799 918 863 duce
936 798 1095 881 Parisino,
1118 797 1152 861 id
1171 796 1255 880 quod

171 898 213 964 ian
231 906 489 971 commendaverat
511 904 668 989 Guyetus.
714 904 804 968 Talis
836 908 946 969 tamen
970 904 1166 969 constructio
1190 925 1255 966 non

171 1005 240 1073 minua
260 1011 291 1076 ab
316 1035 376 1077 usu
404 1035 503 1096 qnam
531 1013 572 1076 ab
601 1010 764 1096 elegantia
787 1010 968 1074 reiectanea
992 1016 1055 1076 est:
1087 1031 1147 1075 neo
1169 1009 1255 1072 enim

169 1110 213 1177 fiori
228 1120 313 1198 potest
333 1122 369 1183 ut
393 1140 410 1183 e
433 1118 538 1182 tribus
562 1116 717 1181 membris
741 1115 899 1179 orationis
918 1115 1028 1200 eisque
1048 1115 1192 1180 eiusdem
1209 1115 1257 1179 uu

169 1217 226 1282 aaa
246 1223 398 1306 anaphora
422 1223 634 1307 aequabiliter
661 1223 812 1287 formatis
836 1222 962 1286 dativus
987 1223 1091 1286 solum
1115 1221 1255 1285 medium

167 1331 270 1411 carpet,
295 1329 346 1413 qui
375 1333 433 1393 aut
460 1330 521 1394 soli
544 1330 649 1412 primo
672 1328 866 1392 conveniens
890 1330 961 1391 erat
983 1328 1046 1392 hoc
1067 1331 1177 1411 pacto:
1209 1329 1256 1392 uit

165 1426 248 1511 oilie]
268 1435 324 1520 illi)
352 1435 458 1518 Supte
483 1436 619 1517 profuit,
651 1435 699 1498 uil
725 1434 865 1510 Laelius,
899 1434 946 1497 uil
971 1434 1106 1512 Furius,
1139 1438 1196 1498 aut
1223 1438 1257 1498 et

165 1531 237 1611 prino
254 1544 279 1604 et
299 1541 447 1606 secundo.
493 1541 562 1617 Quo
586 1547 696 1606 tamen
719 1562 785 1604 non
808 1540 857 1604 ita
880 1543 970 1603 utere
994 1543 1031 1603 ut
1053 1541 1149 1605 simul
1175 1544 1206 1605 et
1229 1543 1257 1605 ci

164 1637 234 1704 aut
250 1649 428 1728 pronomine
452 1652 603 1730 suscepto
627 1669 644 1710 e
668 1646 817 1711 Parisino
840 1646 902 1710 hoc
926 1666 1027 1730 genua
1051 1647 1182 1730 probes:
1210 1647 1258 1710 uil

162 1737 390 1836 Patiundum
413 1762 440 1817 ci
457 1753 586 1834 profuit,
609 1754 657 1817 uit
680 1753 730 1816 illi
743 1753 884 1834 Luc'liua
906 1753 954 1816 uit
967 1753 1104 1816 Furius:
1128 1753 1256 1836 quando

161 1843 274 1920 absonum
287 1863 334 1924 est
347 1859 485 1923 diversis
499 1859 744 1944 pronominibus
758 1857 892 1922 eandem
906 1880 1078 1941 personam
1091 1858 1256 1924 declarari.

160 1945 200 2016 ffi⁸
220 1967 307 2028 autem
334 1966 548 2031 incommodis
576 1965 714 2050 quinos
738 1964 959 2047 expediamuS,
992 1964 1046 2027 via
1068 1969 1184 2047 parata
1208 1969 1257 2029 est

158 2061 300 2135 atienae.
345 2073 424 2148 Quis
455 2073 556 2156 enim,
585 2073 639 2155 qui
669 2071 810 2155 aliquem
840 2092 970 2134 sensum
994 2071 1175 2154 elegantiae
1198 2070 1255 2134 ha-

157 2155 372 2256 trapitionta
390 2177 477 2241 ferat
494 2177 630 2241 duorum
645 2198 795 2240 veranum
815 2176 962 2241 confiniis
982 2175 1110 2238 divulsa
1124 2174 1256 2241 Publius

154 2260 231 2349 dupio
250 2283 397 2347 nomina?
447 2280 493 2346 Et
520 2286 556 2346 ut
583 2282 669 2346 ultra
697 2282 887 2366 progrediar
914 2281 1153 2363 ratiocinando,
1183 2283 1254 2366 quis

152 2380 251 2450 ⁰fflflino
269 2389 410 2452 additum
425 2388 558 2453 Publius
579 2410 775 2471 praenomen
798 2388 920 2470 probet,
944 2409 1017 2451 cnm
1041 2387 1079 2451 de
1103 2387 1169 2452 alio
1191 2389 1255 2451 nisi

152 2468 239 2553 pullio
258 2492 404 2578 Scipione
432 2496 563 2559 omnino
593 2495 728 2579 cogitari
752 2493 913 2578 nequeat?
958 2492 1032 2556 Vno
1056 2493 1154 2557 verbo
1178 2493 1253 2577 quid

148 2581 180 2644 r‘³¹'
200 2596 236 2658 sit
253 2602 404 2683 aperiam:
427 2623 492 2664 non
513 2607 562 2665 est
582 2601 618 2664 P.
637 2601 687 2664 vel
702 2622 735 2682 p.
755 2604 833 2665 nota
848 2600 978 2663 Publius
1001 2599 1255 2682 interpretanda,

146 2689 187 2754 sed
208 2701 308 2784 Publio,
332 2709 395 2772 sic:
418 2708 466 2771 uil
480 2706 591 2770 Publio
608 2706 619 2789 ll
636 2708 739 2788 Scipio
756 2708 887 2788 profuit,
910 2707 957 2769 uit
979 2706 1028 2769 illi
1051 2706 1185 2781 Laetitia,
1209 2707 1255 2768 uit

144 2785 247 2886 Furius,
266 2810 294 2875 h.
317 2834 343 2876 e.
368 2811 483 2876 Publio
507 2813 666 2876 Terentio
710 2812 802 2887 Quod
827 2812 956 2895 quidem
980 2811 1104 2894 pridem
1127 2832 1253 2893 perspe-

144 2912 242 2993 Χθῖέῑιῃ,
270 2940 339 2982 cum
368 2919 474 3000 ipsum
506 2918 586 2981 illud
614 2918 725 2982 Publio
752 2924 878 2982 exstare
906 2919 939 2981 in
968 2917 1118 2980 Vrbinati
1146 2917 1307 2981 codioeeaa

144 3017 266 3097 comperi,
308 3022 384 3087 Non
407 3024 469 3086 nisi
494 3023 633 3106 simplici
660 3024 789 3088 nomine
818 3028 874 3088 aut
896 3025 1087 3105 Africouuuu
1110 3027 1166 3086 aut
1189 3023 1253 3087 Sci·

140 3107 251 3203 PWom,
271 3133 325 3192 aut
348 3128 478 3192 Plutum
502 3132 558 3191 aut
581 3129 719 3192 diarium
742 3129 876 3193 Porcius
900 3129 995 3192 dixit:
1019 3128 1107 3211 item,
1131 3131 1167 3192 ut
1190 3129 1254 3192 Pu-

145 3208 224 3290 llum
240 3232 296 3318 ne,
319 3235 366 3298 ia
389 3235 507 3315 Afrum
531 3235 723 3318 simpliciter
741 3233 909 3298 vocatus
932 3234 1016 3297 infra
1037 3257 1068 3317 p.
1083 3237 1157 3318 211,
1173 3237 1250 3300 r.-

147 3315 254 3420 Quodsi,
278 3341 330 3424 qui
360 3340 495 3410 tandem
521 3342 549 3404 ci
571 3363 750 3424 pronomen
773 3341 835 3405 huc
858 3341 1042 3423 inrepserit,
1071 3343 1253 3425 quaesieris,

145 3440 297 3515 responderi
327 3447 448 3529 poterit
478 3469 610 3529 prorsus
642 3447 789 3530 apposite
821 3448 860 3511 ad
891 3447 1139 3530 persuasionem.
1186 3447 1253 3512 Nec

148 3535 214 3605 ‘ssim
232 3551 289 3616 ullo
312 3554 408 3617 modo
433 3553 587 3617 credibile
611 3560 661 3617 est
684 3553 834 3617 inferiore
858 3553 930 3617 loco
946 3552 1145 3634 Suetonium,
1168 3558 1254 3635 post

149 3652 224 3715 llam
241 3654 380 3723 hortulos
394 3678 442 3723 xx
463 3660 610 3744 iugerum
626 3683 644 3724 a
659 3660 811 3724 Terentio
831 3660 961 3724 relictos
981 3659 1254 3741 commemoravit,

150 3757 314 3829 Inlrationem
342 3766 381 3830 de
409 3767 573 3831 contrario
602 3766 708 3830 Porcii
737 3767 923 3829 testimonio
952 3787 1043 3829 suam
1071 3765 1119 3828 ita
1146 3765 1253 3848 prodi-

151 3880 320 3917 χ

152 3953 193 4006 '¹⁰¹
206 3965 310 4027 erhauen
329 3975 374 4041 iat,
395 3974 471 4028 aanft
489 3975 599 4040 hinauf;
619 3975 676 4028 und
691 3977 776 4029 unten
792 3993 837 4029 arn
852 3975 932 4028 Rand
948 3974 1008 4028 sind
1023 3975 1052 4028 in
1067 3974 1112 4028 dic
1127 3975 1252 4043 niedrige

153 4048 198 4095 ’ΠΜ
219 4049 284 4113 Theil
311 4062 524 4132 einigermassen
553 4063 697 4117 behauene
725 4063 870 4116 Felawand
898 4064 966 4117 oder
997 4080 1046 4116 aus
1078 4063 1123 4116 ihr
1151 4064 1252 4116 herans

170 4132 247 4194 Χθ’Ῐῐθ-ῐ]
261 4150 440 4218 ausgehauen,
461 4168 514 4204 von
533 4150 622 4204 denen
642 4168 692 4204 aua
712 4169 775 4204 man
795 4151 844 4205 das
863 4150 1032 4217 weitesl'hal
1051 4150 1104 4203 mit
1122 4150 1185 4204 dem
1201 4151 1252 4205 Sec

154 4214 256 4284 111Ιά(ἷθῐῦ
272 4238 407 4307 mastigen
426 4239 551 4308 Bergzug
569 4240 730 4309 gogoniiber
748 4257 818 4309 ganz
839 4240 1011 4309 gemilthlich
1032 4238 1187 4308 plaudernd
1207 4241 1251 4293 be-

153 4307 397 4381 l¹¹⁸⁰1ubeaehauen
412 4325 537 4380 konnto.'
559 4328 598 4383 Cf.
614 4327 706 4382 Rossii
718 4328 829 4382 ‘lteiaen
844 4329 899 4382 und
915 4327 1108 4382 Reicerouten'
1125 4345 1151 4395 p.
1163 4332 1251 4396 blau,

153 4377 216 4447 cmlii
232 4401 368 4483 Peloponn.
389 4416 401 4467 l
421 4433 448 4483 p.
469 4420 520 4468 204
536 4433 575 4483 sq.
