2924 5046
468 330 742 378 urscrrnnrunvu
766 331 887 378 urruns.
1182 316 1261 380 363-

94 472 331 556 scriptoribus,
354 472 409 556 qui
431 473 468 537 de
484 474 622 537 numnis
644 473 744 537 latine
768 473 964 557 scripserint,
987 473 1128 539 referens
1148 473 1247 537 etium

90 579 297 644 Varronem:
322 600 417 662 quem
440 579 548 643 locum
571 580 649 659 §13
672 580 894 644 tractabimus,
940 578 1063 643 Contra
1086 580 1247 663 imprimis

91 685 161 751 huc
185 684 268 749 iacit
291 685 437 750 Incertus
461 685 500 750 de
524 686 746 771 grammatica,
769 709 865 770 quem
888 687 1106 772 Augustinum
1129 685 1247 768 ferunt,

96 814 130 874 p.
157 793 246 858 2008
270 791 320 875 P,
343 792 400 856 ubi
423 791 648 857 adverbiorum
672 793 887 857 numeralium
911 795 944 857 in
966 797 1021 856 rien
1045 793 1133 857 etin
1156 802 1172 855 o
1196 814 1246 857 ex-

94 900 248 963 euntium
271 898 445 962 discrimen
469 898 515 962 sic
539 899 741 982 euplicatur:⁴
764 901 893 965 seerrruio
920 905 1023 965 (tenni
1045 902 1089 965 ed
1109 901 1247 965 ordinent

87 1009 241 1084 pertinet,
272 1005 439 1070 secundnm
467 1006 715 1076 opprimerem:
747 1012 783 1070 nt
804 1012 884 1088 pnte
911 1026 980 1070 nerii
1007 1008 1088 1086 dieo,
1119 1008 1247 1071 nerium

89 1108 200 1181 facin
223 1118 268 1178 est
289 1113 404 1190 cenni,
421 1114 557 1194 pertinet
578 1117 613 1176 ut
634 1113 703 1177 diri
725 1114 768 1178 ad
784 1113 931 1191 orctinern,
953 1115 1035 1194 prod
1047 1115 1152 1196 primo
1169 1114 1248 1178 alter

89 1211 202 1286 faces
227 1221 270 1285 sit
295 1224 325 1284 et
350 1219 395 1284 sie
421 1219 499 1282 ulte
525 1219 663 1284 seerrrdo.
708 1241 778 1284 erem
805 1225 906 1284 uestem
923 1221 1060 1309 ¹ditionis
1082 1221 1248 1285 secundnm

86 1327 207 1391 omnin
227 1326 273 1392 rel
296 1326 420 1390 tertium
442 1326 488 1390 oet
509 1331 656 1408 prertnm
678 1325 724 1391 vel
745 1329 886 1408 quietern
908 1329 953 1391 uel
976 1332 1103 1412 scateret,
1125 1329 1168 1392 nd
1189 1349 1246 1392 nn-

82 1438 221 1497 merum
245 1435 393 1516 pertinet,
424 1433 506 1515 qnod
536 1434 632 1498 series
660 1434 758 1514 feeerit
788 1435 901 1500 cornert.
930 1485 937 1497 .
967 1484 974 1501 .
1002 1485 1009 1500 .
1042 1435 1112 1501 Hoc
1149 1436 1248 1501 Varro

75 1527 246 1605 distinxit
263 1542 302 1605 in
321 1540 430 1606 libris
447 1561 692 1606 nernierornrn.
725 1540 879 1607 Erratum
898 1547 948 1606 est
967 1542 1056 1607 libris
1074 1565 1132 1625 pro
1153 1543 1247 1607 lilrro:

74 1625 357 1732 Disciplinarum
381 1651 489 1712 autem
512 1651 637 1711 certum
656 1647 775 1712 librum
794 1649 941 1734 cogitari,
965 1671 1028 1732 quo
1047 1648 1086 1712 de
1105 1649 1248 1712 numeris

69 1729 209 1818 vtarro
231 1754 364 1840 egisset,
388 1754 568 1818 luculenter
592 1753 813 1820 demonstrare
836 1755 913 1819 licet
935 1753 1054 1819 collato
1079 1753 1185 1820 Gellio
1209 1755 1248 1838 X,
1275 1780 1281 1790 ·

71 1841 125 1929 ¹,
166 1861 209 1925 eu
232 1884 291 1926 sua
314 1861 411 1926 uetes
433 1857 560 1925 nonius
584 1882 615 1943 p.
637 1859 717 1925 435:
747 1861 846 1926 rena
868 1862 916 1926 ru.
937 1863 1088 1926 Varrone
1111 1883 1148 1926 ee
1171 1861 1248 1926 iuro

66 1945 354 2049 Disciplinam
370 1968 478 2050 quinto
495 1965 568 2030 neec
585 1972 675 2032 sent:
698 1967 788 2035 alind
805 1973 848 2032 est
865 1973 975 2049 quarto
987 1975 1163 2050 praetorem
1180 1971 1249 2052 fieri

51 2065 114 2122 ⁶²
160 2079 310 2158 penem,
333 2075 415 2156 qnod
435 2079 545 2156 quarto
569 2074 668 2138 torrem
690 2075 887 2155 eelsipnipient
908 2096 944 2139 uc
968 2080 1028 2141 tres
1050 2081 1122 2140 onte
1142 2058 1249 2156 scens,

48 2182 247 2246 ann
270 2187 388 2264 tempus
410 2181 606 2264 cdsr'pnifieat
629 2184 657 2243 et
680 2185 724 2244 ter
746 2188 817 2245 arete
837 2182 965 2261 facturn.
1003 2183 1098 2265 ipitnr
1121 2183 1249 2248 Ennius

50 2291 182 2352 recte
201 2289 282 2369 qnod
301 2289 426 2371 sempsit
448 2286 595 2370 ‘Quintus
612 2291 702 2370 poter
725 2293 871 2370 qiiertnne
892 2290 930 2372 fit
951 2289 1056 2355 consil
1062 2288 1081 2372 ²,
1103 2294 1133 2353 et
1155 2287 1246 2354 Porn-

40 2395 190 2462 Peins
211 2395 315 2461 timide
337 2397 418 2475 qnod
439 2397 474 2460 in
497 2395 623 2473 theatro,
645 2416 683 2459 ne
703 2395 885 2460 nomnen
903 2395 1018 2461 ‘consul
1037 2395 1174 2460 wnnnr'
1193 2402 1250 2460 ant

50 2488 69 2516 ‘
88 2501 232 2581 tertio',
255 2507 407 2568 extrem
430 2503 549 2567 litteras
570 2521 634 2566 non
655 2502 786 2583 scripsit.
833 2502 954 2578 Quodsi
977 2502 1057 2566 haec
1081 2502 1122 2565 ab
1146 2502 1248 2584 ipsius

51 2608 185 2673 artis
211 2608 437 2674 arithmeticae
466 2608 517 2672 vel
545 2608 677 2674 notione
706 2608 758 2673 vel
786 2631 846 2672 usu
875 2609 956 2672 satis
985 2608 1091 2672 aliena
1121 2607 1251 2691 dixeris,

55 2713 188 2777 scire
209 2715 317 2799 velim,
345 2714 381 2778 in
405 2736 503 2797 quam
527 2714 625 2778 aliam
650 2716 754 2777 artem
778 2713 1021 2797 disciplinamve
1046 2711 1087 2797 (si
1112 2715 1153 2777 ab
1177 2714 1250 2796 ipsa

62 2822 317 2903 grammatica
340 2820 525 2906 recesseris)
551 2821 662 2885 eadem
687 2821 795 2904 aptius
819 2826 949 2886 etcum
973 2821 1093 2885 maiore
1112 2821 1289 2885 necessi-1³

63 2925 187 2989 tatis
214 2927 320 3012 specie
353 2927 568 2993 convenient?
614 2927 841 3011 Reputandum
874 2931 924 2992 est
956 2927 1041 2992 euim
1075 2949 1146 2992 eum
1180 2950 1249 2991 esse

77 3029 300 3119 Varronem,
328 3035 384 3118 qui
412 3035 447 3099 in
470 3035 584 3118 quovis
608 3055 724 3118 genere
748 3035 998 3119 grammaticum
1022 3037 1099 3119 agat
1120 3038 1250 3118 praeter

81 3140 219 3206 cetera
263 3142 378 3228 Itaque
401 3143 501 3206 variis
524 3164 732 3208 numerorum
756 3142 944 3206 notionibus
968 3163 1050 3225 quae
1074 3140 1178 3205 indita
1200 3164 1249 3206 es-

88 3245 185 3305 seni
209 3248 379 3331 vocabula,
409 3270 476 3314 non
505 3248 665 3314 incuriose
698 3271 771 3313 eum
801 3249 836 3312 in
863 3247 947 3313 libro
978 3248 1016 3312 de
1045 3248 1251 3314 arithmetica

92 3343 266 3435 docuisse,
292 3356 357 3420 alio
382 3377 509 3441 quoque
534 3355 681 3439 exemplo
709 3355 840 3439 probari
871 3355 1061 3439 conicimus),
1089 3356 1173 3439 quod
1197 3360 1248 3420 est

96 3453 192 3528 apud
213 3459 416 3526 Priscianum
440 3462 479 3526 de
502 3462 556 3547 fig.
578 3452 666 3525 rium.
690 3483 720 3544 p.
747 3460 831 3524 1356
845 3460 880 3524 P.
903 3461 966 3524 401
983 3460 1052 3525 Kc:
1075 3462 1136 3526 dno
1158 3483 1249 3543 asses,

98 3549 214 3645 (lump,
236 3568 423 3650 dupondius,
447 3569 559 3652 tressis,
581 3568 769 3649 quadrasis,
793 3568 933 3645 deensis
956 3568 1086 3650 vicessis,
1110 3570 1249 3647 tricessis,

97 3666 330 3756 ffwdrapesss,
360 3673 604 3758 quinquepessis,
634 3674 813 3756 sesepcssis,
842 3676 1054 3756 spinrepessin
1084 3676 1249 3756 oetopessis,

101 3775 295 3859 ”moestis
326 3782 487 3859 centussis,
513 3785 585 3864 post
614 3801 702 3862 quern
730 3800 896 3843 numerent
925 3785 994 3844 teste
1024 3780 1161 3845 Varrone
1186 3802 1250 3844 non

100 3880 329 3959 ‘mmmm
351 3907 421 3952 cnm
442 3906 511 3953 csse
532 3887 663 3953 nnnnri.
700 3885 750 3951 Ne
774 3885 832 3949 illa
856 3885 985 3969 quidem
1009 3909 1029 3950 a
1051 3885 1112 3950 tali
1135 3889 1249 3950 tracta-

104 3967 197 4086 lf⁰¹¹0
221 3991 443 4058 arithmeticae
466 3994 640 4059 abhorrere
663 3991 826 4074 videntur,
855 4014 936 4076 quac
966 4015 982 4056 e
1006 3991 1152 4057 Varrone
1176 3990 1250 4055 Gel-

10 4168 13 4181 ,
104 4066 168 4148 ln
195 4092 324 4183 111,14
353 4099 581 4184 excerpendo
612 4099 795 4163 discrimine
828 4099 976 4163 clinicus
1009 4103 1041 4162 e
1070 4099 1251 4162 centronius

10 4188 39 4299 ἱ
108 4194 480 4303 'ernlornmasNsm
509 4205 551 4270 ab
581 4206 653 4290 ipso
684 4203 790 4269 Gellio
820 4207 979 4268 tractatos
1007 4228 1077 4270 esse
1100 4204 1250 4288 Discipli-

474 4331 599 4395 ·¹¹oque
620 4311 822 4378 documentis
845 4311 931 4375 infra
949 4312 1089 4394 patefiet.
1118 4310 1250 4375 Falsum

668 4416 724 4484 hio
748 4415 919 4484 Adversar.
941 4416 1002 4504 vl,
1026 4419 1061 4503 6,
1092 4439 1130 4482 ex
1154 4417 1251 4485 arith·
