2924 5046
560 344 846 394 conuunusurvs.
1210 328 1274 393 243

143 488 201 583 ,⁸¹1⁸
228 482 321 566 abest,
349 504 415 547 non
442 490 491 551 est
517 485 602 551 illud
629 509 701 551 cum
729 486 823 550 libris
852 486 1058 568 interpolatis
1082 489 1156 552 ante
1179 487 1277 552 leuius

135 588 349 672 merendum,
367 589 424 655 sed
442 591 644 656 intercidisse
664 596 740 656 ante
754 584 930 671 delendis'sc
943 591 1146 675 credendum,
1165 593 1276 657 eadem

129 685 169 745 111
200 689 249 759 bic
274 694 463 761 conlocandi
491 697 654 786 elegantia
681 698 780 763 erius
801 718 833 762 se
854 699 1023 779 ‹tesendisse
1045 703 1142 782 atque
1165 699 1275 780 paullo

111 801 218 862 ante
235 800 337 866 leuiter·
357 823 390 869 se
412 806 510 868 tutari
532 804 667 870 dicetur.

225 906 345 973 Ibidem
368 909 403 992 in
427 911 589 994 scriptura
612 910 740 995 quidem
763 911 921 976 librorum
944 910 1028 974 nihil
1052 910 1140 975 aliud
1163 911 1228 976 nisi
1250 916 1279 975 et

82 1000 240 1078 Laelio
263 1021 293 1080 et
313 1015 454 1099 Scipioni
482 1017 586 1083 latere
608 1017 834 1082 Fleckeisenus
864 1017 947 1081 vidit
980 1017 1168 1082 rectissime.
1214 1016 1276 1082 Sed

74 1106 195 1193 ipsi
225 1125 333 1186 tamen
355 1123 388 1187 id
412 1121 567 1189 Suetonio
591 1125 724 1188 minime
746 1125 867 1188 tribuet
891 1124 946 1207 qui
970 1127 1038 1188 tam
1062 1124 1133 1207 pari
1157 1124 1192 1187 in
1213 1124 1275 1188 hue

65 1235 246 1292 mussa
267 1229 456 1297 condicione
479 1229 626 1295 Laelium
646 1228 894 1315 Scipionemque
919 1252 989 1294 esse
1012 1231 1219 1314 reputaverit,
1242 1233 1278 1294 ut

56 1340 194 1396 non
223 1333 445 1420 distinguendi
468 1337 554 1402 inter
576 1359 624 1420 se,
646 1337 703 1401 sed
726 1337 889 1401 communi
912 1337 1044 1401 notione
1067 1336 1276 1418 comprehen-

51 1424 226 1502 dendi
249 1439 327 1504 sint.

219 1542 327 1610 Versu
349 1546 368 1610 b
391 1552 495 1612 tumea
516 1549 695 1632 particulae
718 1549 765 1614 its
787 1553 917 1614 tantum
941 1548 1030 1613 locus
1053 1551 1136 1630 erat,
1165 1548 1192 1611 si
1216 1547 1276 1611 fal-

49 1661 199 1714 sam
222 1673 293 1743 esse
316 1652 356 1717 de
379 1653 581 1719 adiutoribus
605 1652 715 1719 Laelio
740 1659 774 1719 et
791 1653 941 1737 Scipione
964 1655 1087 1719 famam
1109 1654 1201 1718 illam
1225 1655 1276 1719 vel

47 1745 301 1822 Terentius
323 1760 375 1823 vel
399 1758 573 1825 Suetonius
596 1761 803 1846 significaret,
827 1766 941 1826 contra
963 1763 1060 1844 atque
1083 1747 1206 1824 factum
1229 1761 1275 1824 vi·

48 1853 251 1929 demus.
297 1865 404 1941 Quare
427 1871 493 1931 tum
515 1867 752 1932 restituendum
776 1871 846 1931 erat
868 1867 1063 1931 necessario.

218 1970 327 2035 Versu
354 1971 388 2036 10
419 1994 488 2038 non
517 1973 616 2037 mirer
644 1975 673 2038 si
703 1973 775 2057 quis
803 1972 837 2039 0.
864 1974 946 2037 enim
969 1973 1140 2036 Mauricius
1166 1973 1276 2055 potius

53 2082 270 2161 expetat,
292 2077 436 2163 itemque
459 2102 556 2145 versu
572 2081 612 2144 13
635 2080 739 2162 Nepos
761 2084 864 2143 aarum
885 2083 1007 2143 armare
1025 2103 1083 2144 -ε
1106 2100 1166 2144 nec
1190 2078 1276 2142 enim

56 2172 142 2239 de
188 2184 426 2250 consuetudine
453 2185 488 2248 in
515 2182 744 2251 continuandis
773 2185 952 2250 enuntiatis
980 2206 1113 2268 parcum
1136 2186 1277 2269 particu-

57 2278 232 2356 larum
254 2290 446 2357 Suetonium
469 2293 606 2376 reperio.
651 2290 713 2356 Sed
737 2297 848 2357 tamen
871 2293 951 2357 haec
975 2292 1032 2376 qui
1053 2292 1180 2376 probet,
1203 2313 1275 2356 eum

61 2393 240 2461 eodem
263 2397 332 2463 fere
354 2399 424 2463 iure
447 2397 566 2463 Soatra
589 2404 691 2463 tumea
716 2399 893 2463 Terentium
915 2398 1078 2482 requirere
1101 2419 1132 2480 p.
1155 2398 1231 2481 210,
1255 2400 1274 2464 8

64 2504 246 2586 possit,
267 2504 348 2569 item
373 2504 507 2584 erintus
528 2507 651 2588 quidem
674 2504 838 2570 Coscorrius
860 2527 890 2587 p.
913 2505 989 2587 211,
1016 2504 1067 2586 10,
1095 2507 1152 2567 aut
1180 2503 1275 2566 fidem

66 2592 285 2675 librorum
309 2611 480 2676 sollicitari
503 2613 656 2677 audacius
681 2618 738 2676 aut
761 2611 1029 2695 acquiescendum
1052 2609 1085 2672 in
1110 2609 1275 2692 asyndetis

70 2697 306 2802 intelleget.

216 2821 322 2888 Versu
344 2824 374 2888 11
402 2824 487 2908 quod
516 2825 670 2909 vulgatur
696 2827 732 2888 ia
754 2825 968 2904 orationeque
990 2842 1021 2886 sc
1043 2823 1090 2885 uit
1113 2821 1161 2885 Ῥ.
1185 2822 1275 2902 Afri-

78 2930 224 2992 canus
249 2931 304 3012 quei
330 2951 353 2994 a
377 2929 518 2994 Terentio
541 2951 707 3012 persarum
729 2935 889 2995 siruamus
907 2978 915 2992 .
930 2979 937 2992 .
952 2978 982 2992 ..
1001 2926 1134 3006 dctadd’,
1162 2930 1212 2992 vel
1237 2951 1275 2992 eo

84 3036 194 3093 ⁸⁸8ss
231 3040 417 3120 suspectum
445 3035 558 3100 debuit
587 3037 688 3121 quod,
719 3037 747 3100 si
775 3036 816 3100 ab
843 3057 908 3100 uno
936 3033 1096 3099 duntaxat
1125 3036 1274 3118 exemplo

90 3121 313 3208 discesseris
336 3144 394 3214 vit.
430 3142 502 3207 Tib.
525 3165 551 3209 c.
570 3144 611 3208 67
637 3141 701 3230 (uel
723 3164 792 3207 aero
814 3144 861 3206 ait
882 3140 1026 3205 ‘mutilem
1043 3161 1076 3205 sc
1092 3140 1273 3223 suuper...'
1288 3162 1326 3201 au

98 3241 136 3292 ἦ
168 3264 207 3327 q.
231 3250 279 3336 a),
300 3271 460 3335 nusquam
481 3248 653 3315 Suetonius
676 3251 723 3314 uit
745 3251 796 3313 vel
818 3250 921 3331 inquit
935 3248 1102 3322 ,voeabula
1125 3249 1171 3312 eis
1191 3268 1273 3331 quae

105 3338 293 3438 adscripta
320 3361 397 3421 sunt
427 3356 511 3421 alius
539 3357 720 3440 cuiuspiam
743 3357 850 3420 verbis
873 3355 1057 3439 praemisit,
1081 3355 1273 3439 quinquiens

113 3437 229 3540 (Aug.
252 3461 302 3526 er.
330 3460 399 3528 ou.
422 3463 475 3528 eo.
503 3462 578 3528 uer.
603 3463 654 3527 aa.
678 3463 730 3527 34.
758 3461 825 3527 vit.
852 3460 906 3547 10)
934 3461 1121 3544 postposuit
1149 3461 1184 3524 n
1210 3460 1273 3524 fine

122 3566 300 3652 enuntiati,
331 3571 450 3634 ceteris
482 3570 516 3632 in
549 3568 630 3633 locis
663 3568 812 3632 omnibus
845 3572 919 3650 post
949 3567 1074 3650 aliquot
1104 3568 1144 3631 ab
1176 3567 1271 3631 initio

131 3665 230 3734 verba
262 3674 399 3740 inseruit
435 3676 474 3740 de
511 3675 674 3740 communi
709 3673 950 3738 consuetudine.
1008 3672 1129 3736 Rursus
1162 3677 1270 3736 autem

139 3758 229 3856 llssge
248 3780 348 3844 maior
372 3782 457 3866 apud
481 3781 618 3847 eundem
640 3782 743 3863 inquit
765 3803 863 3866 quam
886 3782 934 3844 uit
955 3778 1102 3843 vocabuli
1122 3780 1268 3862 frequen-

151 3869 189 3936 lll
207 3888 258 3949 st.
290 3886 336 3952 ut
357 3887 434 3952 huic
455 3888 586 3972 quidem
605 3887 651 3952 ibi
670 3887 881 3971 potissimum·
896 3887 1002 3950 locum
1022 3884 1192 3967 concessit,
1215 3883 1269 3947 ubi

158 3992 338 4020 κ...-

10 4114 27 4128 »
165 4069 262 4132 miste
277 4077 411 4134 iteratum
430 4078 517 4132 locum
535 4096 643 4134 nomen.
682 4079 762 4132 Vnde
781 4077 899 4147 suspitio
918 4077 1042 4131 nascitur
1060 4076 1205 4145 interpreti
1224 4075 1269 4129 de·

10 4164 47 4217 ‘v‘
165 4149 207 4233 lffl
218 4164 394 4237 emptumque
412 4182 431 4221 a
448 4168 533 4236 poeta
551 4167 591 4221 sic
609 4182 682 4221 esse:

13 4254 53 4301 2¹
330 4286 335 4295 ·
711 4272 770 4309 eum
791 4254 912 4308 Plautus
930 4255 1018 4308 locum

10 4338 52 4391 θ’
300 4342 427 4415 mque
442 4344 587 4414 uenam.
615 4347 684 4398 esim
702 4359 791 4397 nuuc
808 4343 862 4395 bic
879 4345 994 4410 surapse't
1012 4343 1066 4395 sibi

10 4426 22 4475 l
412 4433 505 4505 m

35 4418 56 4457 ὃ

27 4502 56 4547 ἐ
631 4533 637 4544 ·
1003 4519 1056 4572 16*
