2888 5040
181 104 245 167 391
602 120 648 165 00
672 120 706 164 n.
728 119 899 165 vnunems

39 268 46 278 '
181 260 293 345 Solini,
317 263 357 327 ad
381 283 475 345 quem
495 263 560 325 iam
579 261 752 326 revertitur
771 260 958 343 disputatio,
981 261 1084 343 capsi
1105 259 1198 325 haee:
1226 261 1356 339 Vm,

174 368 311 450 perbibet
330 369 446 449 fustem
468 369 504 432 iu
517 369 659 432 Arcadia
680 388 742 432 osse
764 369 851 432 ouius
874 368 1033 431 interimat
1054 366 1201 433 trausteis:
1223 371 1255 432 et
1328 387 1356 450 j

180 475 293 538 terius:
332 475 432 539 Varro
459 476 606 556 opinatur
628 476 688 539 duo
711 477 746 539 ia
768 474 901 539 Boeotia
924 495 985 541 esse
1007 475 1144 556 (turstino
1167 474 1221 559 (of.
1241 474 1356 556 Ph·

180 580 222 663 II,
249 581 320 658 103,
344 581 422 665 230)
450 587 566 646 tratura
595 583 661 647 lieet
688 583 821 664 dispari,
848 582 1031 647 miraculo
1056 587 1159 647 mosen
1180 603 1241 646 uon
1274 595 1356 663 <142

180 693 329 769 crepante,
352 710 483 770 pirorum
505 691 637 754 attempt
659 690 688 754 si
710 689 837 754 ovillrrm
853 709 947 771 pecus
969 688 1098 768 debitat,
1118 689 1239 771 pultum
1258 697 1356 773 fier,

180 797 308 860 colorem
335 816 423 877 quern
450 796 590 861 habuerit
619 797 740 877 [eoloris
767 797 850 877 parad
874 797 1011 860 imbuerit
1037 796 1152 881 vulgo]
1159 846 1167 878 ,
1199 795 1354 872 alterius

180 902 306 986 batista,
338 923 531 985 quaeeunque
561 902 705 966 aelurum
734 902 825 981 [0000
856 907 942 985 suat,
973 902 1009 966 iu
1031 903 1211 968 ‚candidiora
1238 914 1342 976 mr·

179 1011 267 1073 addit
287 1010 384 1073 vileri
406 1010 451 1073 ibi
467 1016 598 1092 puteum
615 1009 820 1092 pestilentem,
847 1010 934 1074 euirrs
956 1009 1059 1092 raim
1080 1029 1165 1074 ruore
1186 1014 1228 1075 ast
1245 1011 1334 1077 haro

178 1116 334 1180 rieutibus.
381 1115 445 1180 Vbi
474 1116 514 1179 ad
541 1115 662 1180 librum
689 1116 725 1179 de
752 1116 948 1181 admirandis
976 1114 1043 1202 (vel
1066 1118 1104 1181 de
1126 1115 1227 1202 mire)
1254 1140 1327 1183 rou

180 1221 331 1306 ambigue
364 1222 470 1304 ipsum
502 1223 629 1286 videtur
661 1222 848 1286 rniraeulum
875 1223 1071 1288 vocabulum
1100 1226 1245 1308 spectare.
1267 1257 1322 1268 -

178 1328 330 1394 Ceterum
354 1351 426 1393 oum
450 1330 485 1393 in
508 1328 716 1393 Admirandis
744 1332 872 1411 praeter
900 1352 1001 1414 aquas
1025 1330 1126 1394 etiam
1148 1330 1321 1394 bestiarum

180 1435 301 1500 mentio
325 1435 412 1500 facta
436 1436 488 1518 sit,
511 1440 548 1499 ut
566 1435 697 1518 glirium
720 1435 805 1518 apud
829 1433 1014 1500 Charisium
1038 1458 1069 1518 p.
1088 1436 1140 1500 69.
1165 1436 1229 1518 106,
1240 1449 1319 1516 par·

178 1543 281 1607 diuam
309 1541 393 1624 apud
418 1539 560 1605 Nonium
589 1564 619 1624 p.
644 1542 723 1625 218,
760 1563 982 1607 muraenarum
1010 1541 1170 1608 Macrobii
1195 1540 1321 1606 Situm

179 1649 226 1731 II,
252 1649 306 1712 11:
339 1647 483 1712 indidem
505 1647 631 1712 Plinius
660 1648 764 1713 rideri
792 1653 903 1732 potest
929 1648 1010 1713 haee
1034 1649 1208 1734 sumpsisse
1226 1636 1323 1715 vul,

179 1758 231 1840 29,
258 1755 333 1820 101ε
356 1756 404 1820 Μ.
429 1754 529 1820 Varro
551 1761 658 1820 auctor
680 1760 725 1820 ost
744 1777 766 1818 a
787 1755 945 1821 uiuioulrs·
959 1756 1128 1836 suffossum
1149 1757 1182 1820 iu
1202 1755 1324 1836 napa·

179 1864 235 1927 010
257 1863 412 1945 oppidum,
434 1884 456 1926 a
474 1863 568 1944 tibris
584 1863 620 1926 iu
635 1863 809 1944 Thessalia,
832 1862 871 1925 ab
890 1863 979 1928 ranis
996 1864 1150 1927 oiodatem
1166 1863 1199 1926 iu
1211 1849 1330 1926 1101Ιὸ9

173 1970 314 2052 pueliam,
343 1969 383 2033 ab
406 1969 529 2034 locustis
551 1970 586 2032 iu
608 1968 736 2049 Africa,
763 1989 800 2032 ea
824 1967 930 2050 Gparo
954 1966 1123 2051 OrJotadum
1148 1968 1241 2034 10110
1257 1964 1333 2029 iv*

74 2071 82 2083 '
139 2096 165 2136 u
179 2075 261 2140 eolus
287 2096 309 2138 a
335 2074 476 2139 mrrrrbus
501 2075 637 2157 limatos,
664 2075 700 2137 iu
722 2075 823 2139 Italia
845 2075 995 2157 Aurpatas
1022 2096 1044 2139 a
1066 2075 1240 2158 serpnrtibm
1256 2062 1339 2137 01*

180 2183 318 2248 10100-
341 2180 418 2247 Alia
441 2182 582 2246 fortasse
606 2181 794 2264 suppeditat
809 2180 932 2245 Valerii
946 2180 1084 2246 Maximi
1107 2184 1144 2248 de
1163 2161 1346 2247 001000οῑ15

180 2290 279 2371 caput
301 2285 331 2369 l,
355 2287 383 2351 8.

268 2395 298 2458 4.
344 2392 451 2477 Magis
480 2394 621 2458 obnoxia
649 2394 859 2479 dubitationi,
887 2416 984 2479 quam
1013 2417 1097 2479 quae
1119 2395 1159 2461 ad
1181 2388 1356 2478 reliqu&

179 2506 282 2565 terras
314 2501 495 2584 pertinent,
529 2523 568 2565 00
599 2504 675 2565 sunt
698 2500 855 2565 Varronis
887 2501 1075 2585 fragmenta
1106 2491 1356 2587 geographis)

179 2630 261 2692 quae
294 2607 333 2671 ad
367 2606 472 2690 ipsam
503 2607 661 2672 Italiam
695 2612 857 2690 spectant:
890 2630 907 2671 e
935 2629 1073 2691 qnorum
1100 2628 1228 2672 numero
1251 2577 1356 2669 fvj

180 2715 279 2779 enam
303 2712 400 2777 Plinii
424 2712 504 2777 inus
528 2736 545 2777 e
569 2713 627 2797 111,
652 2715 702 2797 12,
728 2711 837 2799 mes)
878 2711 964 2778 Nam
988 2714 1051 2778 eei
1075 2715 1108 2779 in
1130 2713 1242 2778 mma
1260 2702 1356 2774 w

179 2841 348 2886 manarum
375 2819 467 2882 libris
496 2817 534 2881 de
562 2819 643 2883 loeis
672 2824 804 2884 eatenus
833 2824 962 2884 tantum
985 2820 1109 2901 dietum
1133 2840 1215 2902 esse,
1242 2811 1356 2902 quss'

180 2935 276 2994 tenus
310 2927 351 2991 ad
382 2926 535 3009 Romam,
567 2925 771 3011 Augustinus
805 2932 960 3011 testatur,
995 2932 1108 2992 tamen
1139 2931 1225 2992 reate
1256 2915 1354 2989 h0⁶

180 3033 368 3098 Krahnerus
387 3035 407 3098 I.
423 3033 623 3098 assidetur
642 3035 675 3098 in
693 3056 764 3098 eam
783 3037 910 3117 partem
928 3034 1150 3119 interpretari,
1171 3037 1209 3099 nt
1224 3027 1344 3098 stium

180 3140 220 3204 ad
244 3139 374 3203 Italiam
396 3145 509 3222 patere
533 3140 745 3205 existimetur.
782 3138 909 3211 Doeent
932 3141 1020 3204 enim
1044 3140 1106 3205 hoo
1129 3162 1266 3226 eaquae
1281 3142 1333 3204 el

180 3246 254 3311 Rer.
277 3245 364 3310 hum.
388 3247 481 3311 libris
504 3246 585 3310 VIII
609 3247 649 3311 ad
672 3247 753 3310 XIII
776 3247 861 3312 forte
885 3252 1014 3312 servata
1037 3252 1126 3312 sunt:
1151 3248 1240 3312 velut
1260 3262 1321 3311 non

181 3353 222 3418 ad
236 3353 375 3418 Romam
394 3353 551 3437 prolecto,
575 3352 631 3417 sed
651 3353 690 3417 ad
706 3352 838 3417 Italiam
858 3353 1024 3436 pertinent
1047 3376 1132 3438 qnae
1156 3354 1197 3418 de
1217 3360 1319 3438 000100

179 3463 267 3525 iada
294 3460 426 3543 Raptum
453 3460 560 3541 ttrruiis
592 3481 631 3522 ex
659 3459 714 3522 lib.
746 3457 776 3521 X
812 3459 938 3523 Probus
970 3458 1099 3543 profert
1126 3461 1161 3524 in
1189 3458 1320 3526 Bucolio

179 3567 260 3650 init,
283 3567 334 3632 vel
358 3589 440 3651 quae
465 3589 502 3631 ex
526 3564 572 3630 XI
592 3564 776 3628 Macrobius
792 3562 860 3628 Sat.
875 3563 916 3649 ΙΙ,
933 3565 988 3630 12:
1010 3567 1055 3629 aa
1075 3566 1194 3631 uictum
1215 3569 1323 3651 0011010

270 3776 295 3845 *)
319 3775 482 3830 Vmbitirum
497 3776 601 3830 Italiae
619 3775 710 3830 lacum
729 3774 912 3830 Cutiliensem
930 3777 1124 3844 apparatuum
1144 3778 1241 3834 minus
1258 3796 1327 3835 eom·

179 3867 262 3921 mods
285 3865 315 3919 in
339 3864 439 3918 ltaliae
464 3864 651 3934 descriptione
675 3865 712 3932 (h.
732 3881 756 3919 0.
780 3863 810 3917 in
832 3864 936 3919 Rerum
959 3865 1035 3918 hum.
1060 3864 1153 3935 libris)
1186 3886 1275 3938 quam
1304 3868 1332 3924 in

179 3954 340 4011 Geometria
364 3954 420 4008 (1101
443 3954 580 4023 potuisse,
609 3955 643 4009 do
667 3955 744 4021 lacu,
772 3956 804 4008 iri
822 3971 876 4023 qno
894 3955 1133 4022 fluctuabunda,
1162 3975 1221 4013 non
1245 3958 1333 4013 minus

180 4044 335 4110 commode,
353 4061 438 4111 quam
457 4045 491 4098 de
511 4043 573 4098 aliis
592 4045 715 4112 lacnbus,
734 4045 764 4099 in
778 4043 964 4098 Admirandis.
983 4075 1013 4083 —
1030 4042 1139 4099 Contra
1157 4064 1235 4117 quae
1254 4064 1336 4119 supra

140 4200 144 4206 .
181 4131 401 4202 exprompsimus
420 4133 550 4189 Pliniana
569 4135 615 4197 111,
634 4139 659 4200 ὃ,
678 4139 711 4187 45
731 4137 760 4188 et
778 4132 825 4200 III,
846 4139 888 4199 10,
908 4137 951 4199 95,
970 4149 1004 4186 ea
1022 4131 1131 4202 quippe
1151 4133 1182 4189 in
1201 4134 1335 4192 inbeml·

183 4221 274 4277 lorum
293 4220 513 4276 dimensionibus
531 4220 672 4276 versantia
690 4219 900 4292 geometriae
918 4219 1058 4291 imprimis
1077 4224 1151 4292 apta
1168 4226 1245 4280 sunt
