2888 5040
513 125 798 176 counsnrsrnvs.
1162 106 1227 170 227

10 272 32 365 f·
131 265 419 338 messeanam
446 271 554 335 crebro
580 272 705 353 rapitur
732 269 772 334 o't
801 268 908 349 (luem
937 268 1048 330 aetatis
1075 285 1165 348 suae,
1194 265 1229 327 in

10 374 30 413 ³¹
129 376 287 463 quadruplici
322 382 432 443 antem
463 378 588 460 protasi
621 375 821 441 constructio
854 374 960 440 omnis
993 371 1140 436 substitit
1171 391 1230 435 nec

19 485 27 511 l
131 484 232 550 omnino
250 484 287 549 ad
309 482 544 569 quintuplicem
567 502 741 566 progressa
765 485 823 544 est.
839 517 879 526 —
905 479 951 543 At
973 499 1048 541 vero
1071 477 1231 561 protasim

10 601 26 648 ‘r
125 583 186 650 dum
202 591 412 655 coniunctione
434 588 555 653 factam
579 587 656 673 quid
679 609 748 652 esse
773 586 916 651 dicamus
940 585 1025 669 quod
1045 585 1077 649 in
1097 583 1231 667 epodosi
1329 661 1335 670 ¹

10 696 22 735 '¹
121 697 181 765 Μ
196 695 337 777 particula
360 694 506 778 excipit?
537 694 574 758 id
595 693 680 778 quod
708 715 803 757 nemo
826 714 892 756 non
916 692 1002 755 videt
1024 712 1156 774 prorsus
1179 689 1231 753 de

10 803 21 842 ³
123 796 200 862 seni
216 804 357 868 ratione.e
384 801 487 866 Porro
511 805 619 864 autem
644 822 725 884 quas
748 799 878 864 tendam
902 819 950 863 res
972 799 1110 863 sublatas
1132 796 1232 860 inter·

120 907 266 991 pretabere,
288 908 357 972 sive
380 929 454 972 cum
477 906 599 971 Wolfio
621 905 744 970 ceum
767 904 997 970 substituetis?
1035 903 1122 980 Quos
1147 902 1231 967 enim

10 1014 17 1054 ³
121 1013 371 1096 complebimus
394 1013 449 1096 qui
472 1034 524 1077 res
547 1012 712 1096 quaslibet
730 1010 882 1075 Terentio
902 1010 951 1073 vel
972 1010 1164 1074 sustulerint
1181 1007 1232 1071 vel

10 1122 16 1157 '⁵
117 1107 307 1184 abstulerint?
344 1125 382 1184 ut
410 1139 459 1184 res
486 1140 558 1184 esse
587 1119 674 1182 bona
703 1139 853 1202 possessa
883 1138 902 1180 a
928 1122 1026 1199 poeta
1047 1115 1233 1199 largiamur.

10 1238 13 1247 '
116 1211 164 1279 A11
180 1217 354 1309 Scipionem,
372 1224 513 1307 Furium,
537 1223 706 1288 Laelium?
743 1223 899 1287 Perverse
921 1222 1002 1286 hoec
1025 1226 1103 1285 sunt
1125 1221 1234 1284 omnia

10 1333 16 1367 '³
114 1326 168 1386 aut
184 1330 382 1396 abhorrentia
404 1353 425 1394 a
447 1330 627 1395 latinitate:
660 1353 774 1396 sanum
798 1329 894 1412 nihil,
927 1327 1080 1412 quamdiu
1104 1327 1233 1411 quidem

10 1437 16 1474 5'
112 1418 143 1486 i¹1
166 1430 214 1502 hee
233 1438 285 1503 ria
308 1436 528 1522 persistimus,
558 1436 623 1500 nisi
651 1440 747 1501 utre
773 1437 898 1519 potius,
929 1456 994 1499 non
1020 1433 1122 1516 rebus,
1154 1433 1185 1497 h.
1208 1454 1235 1496 e.

10 1542 15 1577 ³’
110 1545 141 1590 ¹⁰
170 1538 310 1609 familiari
339 1541 499 1626 ‘perdita’
527 1542 578 1606 rel
606 1540 848 1626 ‘pessumdata'
876 1541 1044 1605 diceretur.
1098 1538 1234 1604 Prorsus

106 1629 249 1713 diversam
274 1649 442 1714 notionem
469 1647 606 1730 pluralis
634 1669 785 1712 numerus
813 1648 956 1731 flagitat,
989 1666 1070 1729 qnae
1094 1645 1147 1709 vix
1171 1645 1235 1733 alia

105 1754 171 1809 ⁰⁸⁸0
189 1754 292 1836 potnit
313 1753 378 1818 nisi
401 1757 453 1833 ut,
475 1753 530 1837 qni
554 1753 694 1817 alienam
722 1754 864 1838 gratiam
887 1751 1033 1835 cupidius
1058 1754 1236 1814 sectaretur

100 1838 297 1943 hunnosque
328 1858 438 1923 studia
469 1879 542 1922 cum
572 1859 739 1923 nobilibus
771 1859 996 1942 participaret,
1031 1857 1098 1921 eois
1129 1856 1230 1939 ipsius
1244 1879 1285 1918 ees

97 1949 182 2023 'Ubus
210 1962 398 2048 ‘neglectis'
431 1963 481 2028 vel
515 1962 738 2047 ‘postpositis
770 1961 985 2047 posthabitis’
1017 1962 1058 2026 ad
1090 1962 1235 2045 inopiam

94 2068 165 2124 ⁹⁸⁸⁰
186 2070 332 2135 redactus
357 2069 527 2134 diceretur.
572 2069 719 2154 Eamque
749 2071 854 2154 ipsam
883 2069 916 2133 in
945 2069 1031 2133 viam
1059 2074 1152 2135 vetus
1175 2092 1235 2134 nos

88 2150 256 2240 pa¹'isinns
283 2175 387 2258 ducit,
420 2196 437 2240 e
464 2174 554 2239 cuius
582 2176 744 2259 scriptura
769 2176 880 2240 aetatis
906 2195 980 2239 suec
1004 2180 1077 2256 post
1107 2176 1237 2241 stitture

84 2255 257 2346 lenl'tsima
290 2279 547 2363 transpositione
584 2283 721 2365 eruitur,
758 2280 843 2366 quod
881 2303 901 2344 a
932 2280 1047 2356 Porcio
1080 2282 1235 2365 scriptum

81 2380 162 2441 ⁶⁸⁸0
188 2408 245 2470 pro
267 2391 356 2452 certo
379 2386 599 2471 affirmamus,
627 2389 738 2452 aetatis
760 2408 846 2466 suae,
863 2386 874 2470 ΙΙ
891 2387 966 2452 sors
984 2388 1127 2468 postlotie
1148 2388 1237 2452 rebus

77 2484 109 2531 θ·
138 2502 174 2566 q·
197 2512 221 2554 s
263 2468 374 2575 Ipsum
397 2492 552 2573 postlotue
578 2494 772 2558 vocabulum
798 2491 948 2577 quotiens
972 2493 1023 2555 vel
1045 2498 1236 2575 usurpatum

74 2589 97 2631 ²
122 2596 348 2696 scriptoribus
372 2597 425 2662 vel
449 2619 468 2660 a
491 2598 632 2662 librariis
662 2598 869 2663 obscuratum
897 2599 954 2680 sit,
984 2597 1107 2661 idoneis
1132 2620 1236 2662 exem·

70 2677 155 2753 Phe
185 2700 428 2786 Oudendorpius
457 2703 489 2767 in
514 2702 661 2768 sussen
690 2704 746 2768 vn.
774 2704 803 2768 d.
826 2703 910 2788 nug.
939 2724 964 2767 ο.
989 2704 1028 2767 rr
1054 2703 1169 2769 corun.
1192 2741 1234 2751 -

69 2773 244 2870 ceterum
275 2807 315 2871 ad
347 2808 506 2873 nobilium
540 2810 718 2874 inlecebras
748 2811 823 2874 illas
854 2815 891 2874 ut
920 2810 1031 2893 paucis
1060 2810 1237 2892 redeamus,

64 2886 252 3015 Milesium
279 2913 369 2977 cuius
399 2913 500 2978 fuerit
528 2914 764 2998 incompertum
792 2916 896 2979 nobis.
945 2914 1099 2980 Fortasse
1132 2917 1236 3001 ipsius

63 2982 267 3108 sflpionis:
290 3020 342 3083 cui
365 3019 570 3084 coniecturae
594 3021 714 3085 saltem
737 3021 816 3086 illnd
839 3042 905 3086 non
928 3021 1039 3086 obstat
1062 3024 1146 3106 quod
1171 3022 1236 3088 Sci-

61 3105 204 3223 menis
223 3124 286 3188 iam
308 3130 384 3189 ante
408 3125 532 3189 mentio
556 3126 644 3191 facta
667 3133 726 3192 est.
763 3126 850 3192 Satis
870 3127 956 3192 enim
975 3128 1142 3193 commode
1161 3135 1237 3212 post

128 3225 291 3311 1pi0nem,
317 3229 467 3313 Furium,
494 3231 639 3297 Laelium
669 3233 862 3317 singillatim
886 3239 1170 3318 commemoratos,
1202 3238 1239 3298 ut

62 3316 182 3418 {¹²08
198 3332 228 3397 in
245 3335 323 3400 urbe
341 3339 440 3419 poeta
460 3337 607 3421 singulos
628 3339 756 3421 coleret,
779 3345 894 3423 quarto
914 3340 984 3403 loco
1004 3340 1114 3403 inferri
1134 3341 1238 3403 cuius-

63 3398 185 3498 11th
214 3440 289 3505 villa
324 3441 436 3524 potuit
473 3447 640 3528 tamqnam
677 3466 846 3510 commune
888 3446 1065 3509 amicorum
1106 3446 1237 3510 illorum

69 3527 237 3647 ⁰¹¹1f1ium
272 3546 528 3612 conciliabulum
560 3550 741 3633 voluptatis
775 3552 1035 3635 deliciarumque.
1089 3550 1178 3626 Quae
1210 3551 1237 3614 si
1319 3583 1331 3606 ·

72 3629 188 3754 mtto
207 3647 285 3713 inter
306 3672 336 3715 v.
350 3651 382 3715 2.
401 3651 422 3715 3
446 3656 480 3716 et
502 3655 567 3718 v.4
589 3654 762 3720 intercedit
786 3655 874 3741 (nam
898 3657 1004 3740 primo
1028 3678 1121 3720 versu
1145 3677 1238 3739 gene-

82 3737 213 3835 rat1111,
230 3775 308 3838 quae
330 3778 389 3840 per
411 3764 522 3841 partes
546 3761 748 3844 explicantur
771 3762 937 3845 deinceps,
965 3763 1238 3845 comprehendun-

89 3829 190 3935 tur),
215 3859 306 3925 etiam
334 3863 465 3946 plenius
499 3865 702 3952 intellegitur
729 3889 826 3951 qnam
855 3890 875 3931 a
901 3868 1038 3932 ueritate
1067 3869 1239 3933 abhorreat

145 3955 259 4064 ‘thiana
284 3968 384 4051 ratio,
417 3971 473 4055 qui
501 3972 572 4054 ipso
601 3977 716 4056 quarto
740 3996 834 4037 versu
864 3974 1032 4056 apodesim
1057 3975 1126 4038 lieri
1148 3996 1238 4056 prae-

110 4059 267 4137 ¹¹¹¹⁸⁸arum
288 4076 471 4158 protasium
495 4078 560 4142 sibi
583 4080 743 4161 persuasit
766 4101 898 4162 prorsus
922 4080 1125 4144 mirabiliter.

197 4171 260 4259 1³⁸8·
272 4179 339 4264 206,
353 4185 372 4248 5
391 4185 446 4269 qui
460 4185 643 4268 insequitur
657 4208 779 4268 versus,
797 4186 832 4250 in
846 4186 994 4251 Parisino
1009 4187 1085 4251 talis
1100 4192 1163 4252 est:
1180 4189 1239 4253 rta-

975 4287 1027 4343 15*
