2924 5046
523 353 808 402 connaurmuvs.
1171 335 1236 398 229

64 499 112 561 in
146 497 283 561 modum
306 499 454 580 vagatur.
494 496 742 560 Remotissimae
766 496 807 560 ab
832 495 910 558 urbe
929 495 1033 558 Roma
1056 491 1120 577 (vel
1140 493 1237 556 etiam

64 600 282 688 Brundisio)
305 607 414 686 partes
438 600 592 667 Graeciae
614 602 844 686 navigantibus
868 600 997 684 quidem
1021 623 1085 664 non
1108 601 1239 663 fuerunt

63 709 179 772 aliae
201 710 263 772 nisi
286 709 408 792 Attica,
431 707 579 791 Euboea,
602 707 786 771 Thessalia:
810 729 945 791 quarum
968 707 1042 770 illas
1067 706 1160 788 duas,
1183 704 1238 788 qui

63 813 281 879 delitescere
305 815 414 898 vellet,
446 838 513 879 non
541 815 687 898 profacto
719 816 880 898 petiturus
904 818 974 878 erat
997 818 1125 897 praeter
1148 814 1239 894 alias,

61 943 205 985 rursus
233 925 342 985 autem
371 920 467 999 haec,
500 921 683 1004 Thessalia,
716 943 773 1004 per
796 921 932 1003 Epirum
961 921 1022 983 iter
1046 920 1238 984 facientibus

61 1026 198 1089 multo
221 1049 318 1110 quam
341 1028 414 1110 ipsa
436 1027 549 1092 Attica
572 1029 622 1092 vel
646 1026 780 1091 Euboea
803 1026 1015 1109 propinquior
1038 1030 1116 1089 crat.
1145 1025 1238 1110 ‘Ergo

63 1152 298 1217 quocumque
320 1136 354 1197 te
377 1134 521 1217 verteris
544 1156 617 1198 cum
640 1155 767 1215 semper
790 1132 912 1215 aliquid
936 1130 1062 1195 insoliti
1086 1131 1238 1195 multum-

58 1254 147 1316 que
186 1238 331 1323 ambigui
357 1237 479 1303 habeat
501 1238 651 1304 Graeciae
677 1239 814 1308 aliamue
842 1237 1033 1321 appellatio,
1065 1260 1130 1301 non
1159 1238 1239 1301 levis

59 1344 234 1425 suspitio
256 1343 402 1407 nascitur
428 1345 464 1408 ia
487 1343 652 1409 Graac'iam
676 1349 790 1408 temam
813 1345 996 1408 iatamam
1022 1343 1147 1426 potius,
1176 1365 1238 1425 quo

58 1465 81 1506 e
130 1451 321 1531 conspectu
354 1449 499 1512 omniurn
533 1470 566 1512 se
599 1447 804 1529 subduceret,
841 1446 1029 1513 'Parentium
1067 1448 1239 1512 recessisse
1276 1494 1279 1498 ι

59 1556 227 1618 auctore
254 1553 370 1618 Porcio
403 1553 434 1616 h.
457 1575 482 1617 e.
514 1575 585 1617 eam
615 1554 648 1617 in
679 1559 800 1618 terram
828 1554 861 1617 in
891 1576 954 1638 qua
978 1554 1077 1617 etiam
1101 1559 1239 1618 mortem

58 1653 187 1742 obiit,
209 1681 291 1743 quae
314 1658 379 1722 fuit
392 1659 540 1723 Arcadia.
578 1658 662 1722 Nam
686 1659 768 1723 nihil
788 1658 850 1724 huc
869 1661 1017 1744 pertinet,
1043 1660 1128 1744 quod
1147 1660 1238 1724 illum

63 1756 141 1823 alii
176 1767 310 1830 omnino
334 1786 400 1828 non
423 1765 457 1828 in
480 1763 664 1847 Graeciam,
692 1765 748 1828 sed
777 1766 810 1829 in
834 1766 948 1829 Asiam
972 1765 1151 1848 profectum
1176 1775 1239 1829 tra·

64 1858 213 1953 didere,
237 1876 274 1935 ut
287 1869 458 1935 Volcatius
473 1869 637 1954 Sedigitas
656 1871 741 1935 infra
755 1877 1026 1936 commemoratus
1041 1895 1060 1935 a
1076 1871 1239 1936 Suetonio.

186 1974 264 2057 Peg.
278 1975 378 2050 tlh?
402 1978 448 2041 sic
466 1976 634 2041 Parisinus
653 1978 703 2041 A:
726 1982 865 2041 mortuas
887 1982 932 2041 cat
953 1978 1053 2058 iafalo
1076 1979 1240 2042 archadius

68 2076 185 2150 ⁰P1'do
212 2105 238 2146 e.
262 2105 291 2166 q.
315 2105 339 2146 s.
384 2080 451 2146 Vbi
478 2084 514 2146 ia
535 2082 632 2173 phala
660 2082 734 2146 libri
762 2082 880 2147 novicii
907 2083 1065 2167 plerique,
1093 2085 1127 2147 ia
1153 2086 1239 2148 stim·

69 2175 189 2255 ebalo
212 2209 284 2251 cum
307 2184 461 2250 Vrbinati
486 2187 586 2251 editio
609 2188 773 2271 princeps,
801 2188 889 2270 turpi
918 2194 954 2254 ut
978 2194 1112 2273 apparet
1135 2190 1239 2254 soloe-

75 2280 206 2358 eituro.
243 2291 336 2368 Quod
360 2292 553 2376 intellegens
573 2292 714 2357 Rothius
734 2293 961 2357 soloecismum
981 2298 1089 2357 tamen
1109 2317 1148 2357 ne
1168 2295 1238 2378 ipse

78 2390 224 2466 quidem
248 2399 336 2462 cavit
359 2419 431 2462 cum
449 2398 565 2463 Porcio
590 2398 671 2463 haec
694 2398 792 2462 verba
814 2399 942 2463 tribuit:
965 2399 1125 2464 Mirtmrst
1138 2400 1238 2482 Stym-

74 2489 185 2569 Phala
208 2505 366 2569 Arcadiae
387 2505 423 2568 ia
445 2504 563 2586 o'ppida
610 2503 755 2569 Tolerari
778 2509 901 2587 potest,
934 2526 1030 2588 quam
1054 2506 1109 2568 ille
1133 2528 1239 2570 neces-

83 2605 214 2674 sariam
238 2611 320 2675 dixit
342 2615 471 2694 praeter
494 2610 672 2694 veritatem,
695 2613 729 2674 ia
753 2610 963 2695 praepositio:
986 2632 1050 2673 non
1075 2616 1183 2693 potest
1206 2613 1238 2675 in

86 2698 179 2779 bono
199 2717 357 2800 scriptore
372 2715 551 2798 Stymphala
569 2716 673 2779 forma
693 2738 749 2798 pro
770 2738 809 2779 ea
827 2737 922 2799 quam
939 2716 1116 2798 antiquitas
1136 2717 1239 2780 solam

89 2818 247 2887 probavit
269 2821 462 2905 Stymphali:
495 2820 578 2905 quod
607 2842 708 2905 genus
738 2825 891 2884 accurata
918 2825 954 2884 ut
983 2820 1066 2883 solet
1093 2821 1239 2887 doctrina

93 2912 182 2990 idem
209 2928 267 2992 ille
290 2927 506 3011 Nipperdeius
535 2927 555 2991 l.
578 2949 602 2989 s.
627 2948 650 2989 s.
673 2926 829 2991 tractavit
856 2949 885 3009 p.
912 2926 952 2989 15
967 2948 1013 3009 sq.
1058 2927 1104 2992 Et
1128 2929 1238 2993 certis·
1252 2951 1292 2990 aar

94 3020 178 3094 Simo
205 3033 325 3097 indicio
354 3033 422 3096 veri
449 3032 521 3114 ipsa
543 3031 624 3095 haec
647 3032 715 3095 vita
736 3032 932 3096 Terentiana
955 3037 1006 3095 est
1028 3033 1181 3097 inferiore
1204 3035 1239 3097 in

94 3120 167 3198 loco
190 3162 219 3222 p.
234 3140 310 3220 211,
328 3140 377 3220 11,
400 3137 455 3201 ubi
480 3136 580 3201 ‘celari
602 3142 756 3201 ammam
775 3158 836 3202 esse
853 3139 889 3201 ia
907 3138 1047 3202 Arcadia
1065 3138 1240 3221 Stymphali

97 3233 159 3301 siae
182 3245 355 3308 Larcadiae
377 3242 521 3309 traduat'
550 3243 709 3326 scriptum
732 3245 838 3308 estin
862 3245 969 3327 libris,
1000 3265 1038 3307 ex
1061 3245 1236 3329 interpola-

102 3335 185 3412 tione
208 3355 313 3415 autem
339 3349 511 3433 inrepsisse
526 3348 701 3432 Stymphali
722 3370 841 3413 nomen
864 3350 951 3414 infra
974 3351 1151 3434 apparebit.
1188 3352 1237 3415 Ibi

104 3439 199 3525 bitur
219 3456 252 3520 in
274 3457 564 3539 interpretamento
588 3455 724 3520 fortuito
749 3460 910 3520 servatam
934 3456 1115 3540 legitimam
1138 3458 1238 3540 Stym-

101 3546 184 3624 phala·
210 3562 347 3627 formam
375 3560 432 3625 ubi
460 3559 534 3625 huic
561 3561 595 3625 in
624 3582 687 3644 quo
711 3582 876 3625 versamur
903 3562 973 3626 loeo
998 3562 1239 3646 reddiderimus,

107 3652 198 3730 simul
218 3674 334 3751 antem,
358 3690 438 3752 quas
462 3667 573 3731 turbas
597 3667 631 3731 in
655 3667 860 3752 antiquorum
883 3672 1052 3750 poetarum
1075 3669 1238 3734 codicibus

107 3766 138 3824 a
166 3774 257 3838 verbi
284 3773 487 3858 aphaeresis,
519 3773 585 3837 sive
615 3773 848 3856 synaloepham
877 3772 976 3855 dices,
1008 3776 1176 3857 tamquam
1200 3775 1239 3839 de

109 3883 191 3936 ¹11⁰oe
218 3879 386 3962 creaverit,
418 3877 675 3963 meminerimus,
707 3879 847 3943 dubitari
879 3879 991 3961 nequit
1024 3878 1101 3963 quin
1134 3880 1239 3963 ipsam

110 3964 208 4044 Porcii
224 4005 352 4049 manum
370 3982 433 4048 h'ac
451 3983 579 4047 demum
594 3983 820 4048 emendatione
836 4006 1073 4067 recuperemus:
1096 3985 1240 4050 Mortuos

115 4073 301 4167 Siltmphalht
323 4090 480 4154 Arcadiae
502 4090 619 4170 oppido.
662 4087 748 4152 Nam
771 4112 811 4154 ne
834 4091 907 4174 quis
931 4089 1034 4154 hiatui
1057 4091 1238 4172 patrocine-

118 4185 158 4245 isst
181 4188 333 4260 inmedio
358 4195 554 4278 septenario:
578 4194 734 4259 Mirlsmst
755 4195 930 4278 Stymphali
944 4195 1100 4259 Arcadiae
1122 4197 1238 4276 o'pipirla

124 4301 310 4370 reputandum
339 4304 389 4366 est
415 4302 546 4384 praeter
572 4299 650 4383 alia,
678 4299 1075 4366 artiore.constructionis
1099 4301 1239 4385 vinculo,

130 4415 205 4478 quam
222 4407 263 4473 ita
285 4412 323 4474 ut
345 4406 455 4472 divelli
478 4407 615 4491 possint,
638 4409 793 4473 Arcadiae
815 4409 924 4490 cypride
948 4408 1048 4471 verba
1071 4406 1237 4472 contineri.
