<?xml version="1.0" encoding="UTF-8"?>
<!DOCTYPE html PUBLIC "-//W3C//DTD XHTML 1.0 Transitional//EN"
    "http://www.w3.org/TR/xhtml1/DTD/xhtml1-transitional.dtd">
<html xmlns="http://www.w3.org/1999/xhtml" xml:lang="en" lang="en">
 <head>
  <title>
</title>
<meta http-equiv="Content-Type" content="text/html;charset=utf-8" />
  <meta name='ocr-system' content='tesseract 3.04.00' />
  <meta name='ocr-capabilities' content='ocr_page ocr_carea ocr_par ocr_line ocrx_word'/>
</head>
<body>
  <div class='ocr_page' id='page_1' title='image "./fridericiritsch01wachgoog_0291.png"; bbox 0 0 2888 5040; ppageno 0'>
   <div class='ocr_carea' id='block_1_1' title="bbox 510 117 1222 182">
    <p class='ocr_par' dir='ltr' id='par_1_1' title="bbox 510 117 1222 182">
     <span class='ocr_line' id='line_1_1' title="bbox 510 117 1222 182; baseline 0.004 -3"><span class='ocrx_word' id='word_1_1' title='bbox 510 131 793 180; x_wconf 70' lang='lat' dir='ltr'>comunimus.</span> <span class='ocrx_word' id='word_1_2' title='bbox 1157 117 1222 182; x_wconf 80' lang='grc'>265</span> 
     </span>
    </p>
   </div>
   <div class='ocr_carea' id='block_1_2' title="bbox 10 256 1282 4303">
    <p class='ocr_par' dir='ltr' id='par_1_2' title="bbox 10 256 1282 4303">
     <span class='ocr_line' id='line_1_2' title="bbox 10 256 1224 363; baseline 0.008 -32"><span class='ocrx_word' id='word_1_3' title='bbox 10 261 21 299; x_wconf 72' lang='lat'>³</span> <span class='ocrx_word' id='word_1_4' title='bbox 124 268 176 332; x_wconf 81' lang='lat' dir='ltr'>aben</span> <span class='ocrx_word' id='word_1_5' title='bbox 190 267 299 339; x_wconf 87' lang='lat' dir='ltr'>darum</span> <span class='ocrx_word' id='word_1_6' title='bbox 326 296 366 339; x_wconf 85' lang='lat' dir='ltr'>au</span> <span class='ocrx_word' id='word_1_7' title='bbox 389 273 560 340; x_wconf 80' lang='lat' dir='ltr'>Terentius</span> <span class='ocrx_word' id='word_1_8' title='bbox 584 273 656 340; x_wconf 85' lang='lat' dir='ltr'>Zeit</span> <span class='ocrx_word' id='word_1_9' title='bbox 681 274 789 340; x_wconf 89' lang='lat' dir='ltr'>niobts</span> <span class='ocrx_word' id='word_1_10' title='bbox 813 298 849 340; x_wconf 94' lang='lat' dir='ltr'>so</span> <span class='ocrx_word' id='word_1_11' title='bbox 873 256 1099 363; x_wconf 82' lang='lat' dir='ltr'>Verborgcnss</span> <span class='ocrx_word' id='word_1_12' title='bbox 1124 276 1224 361; x_wconf 86' lang='lat' dir='ltr'><strong>mehr,</strong></span> 
     </span>
     <span class='ocr_line' id='line_1_3' title="bbox 128 373 1224 468; baseline 0.005 -26.417"><span class='ocrx_word' id='word_1_13' title='bbox 128 373 175 439; x_wconf 77' lang='lat' dir='ltr'>lass</span> <span class='ocrx_word' id='word_1_14' title='bbox 192 397 253 446; x_wconf 76' lang='lat' dir='ltr'>von</span> <span class='ocrx_word' id='word_1_15' title='bbox 276 381 397 448; x_wconf 89' lang='lat' dir='ltr'>diesem</span> <span class='ocrx_word' id='word_1_16' title='bbox 419 386 537 467; x_wconf 80' lang='lat' dir='ltr'>gesagt</span> <span class='ocrx_word' id='word_1_17' title='bbox 560 382 689 448; x_wconf 80' lang='lat' dir='ltr'>werden</span> <span class='ocrx_word' id='word_1_18' title='bbox 714 383 837 448; x_wconf 87' lang='lat' dir='ltr'>konnts</span> <span class='ocrx_word' id='word_1_19' title='bbox 861 382 921 448; x_wconf 82' lang='lat' dir='ltr'>‹du</span> <span class='ocrx_word' id='word_1_20' title='bbox 944 383 1072 468; x_wconf 84' lang='lat' dir='ltr'>bringst</span> <span class='ocrx_word' id='word_1_21' title='bbox 1095 383 1141 447; x_wconf 87' lang='lat' dir='ltr'>sie</span> <span class='ocrx_word' id='word_1_22' title='bbox 1164 406 1224 447; x_wconf 88' lang='lat' dir='ltr'>uns</span> 
     </span>
     <span class='ocr_line' id='line_1_4' title="bbox 11 477 1225 570; baseline 0.005 -23"><span class='ocrx_word' id='word_1_23' title='bbox 11 478 28 503; x_wconf 72' lang='lat'><em>⁴</em></span> <span class='ocrx_word' id='word_1_24' title='bbox 129 477 203 547; x_wconf 73' lang='lat' dir='ltr'>iulis</span> <span class='ocrx_word' id='word_1_25' title='bbox 219 487 470 556; x_wconf 85' lang='lat' dir='ltr'>Oeffentliehkeit</span> <span class='ocrx_word' id='word_1_26' title='bbox 490 489 636 554; x_wconf 73' lang='lat' dir='ltr'>herous».</span> <span class='ocrx_word' id='word_1_27' title='bbox 673 489 762 554; x_wconf 80' lang='lat' dir='ltr'>Aber</span> <span class='ocrx_word' id='word_1_28' title='bbox 785 490 870 556; x_wconf 87' lang='lat' dir='ltr'>wohl</span> <span class='ocrx_word' id='word_1_29' title='bbox 892 490 985 555; x_wconf 87' lang='lat' dir='ltr'>nicht</span> <span class='ocrx_word' id='word_1_30' title='bbox 1006 489 1142 570; x_wconf 74' lang='lat' dir='ltr'>deso-rs,</span> <span class='ocrx_word' id='word_1_31' title='bbox 1167 489 1225 553; x_wconf 87' lang='lat' dir='ltr'>wie</span> 
     </span>
     <span class='ocr_line' id='line_1_5' title="bbox 12 580 1226 683; baseline 0.002 -24"><span class='ocrx_word' id='word_1_32' title='bbox 12 584 29 677; x_wconf 72' lang='lat' dir='ltr'>j&#39;</span> <span class='ocrx_word' id='word_1_33' title='bbox 129 580 154 648; x_wconf 84' lang='lat' dir='ltr'>B·</span> <span class='ocrx_word' id='word_1_34' title='bbox 169 595 358 679; x_wconf 73' lang='lat' dir='ltr'>vermntbete,</span> <span class='ocrx_word' id='word_1_35' title='bbox 382 595 464 661; x_wconf 81' lang='lat' dir='ltr'>wird</span> <span class='ocrx_word' id='word_1_36' title='bbox 487 593 601 662; x_wconf 77' lang='lat' dir='ltr'>Cicero</span> <span class='ocrx_word' id='word_1_37' title='bbox 625 596 838 683; x_wconf 85' lang='lat' dir='ltr'>geschrieben</span> <span class='ocrx_word' id='word_1_38' title='bbox 860 597 982 682; x_wconf 86' lang='lat' dir='ltr'>haben,</span> <span class='ocrx_word' id='word_1_39' title='bbox 1007 597 1145 663; x_wconf 90' lang='lat' dir='ltr'>sondern</span> <span class='ocrx_word' id='word_1_40' title='bbox 1168 598 1226 678; x_wconf 57' lang='lat' dir='ltr'>us&lt;</span> 
     </span>
     <span class='ocr_line' id='line_1_6' title="bbox 126 687 1228 790; baseline 0.002 -24.81"><span class='ocrx_word' id='word_1_41' title='bbox 126 687 187 765; x_wconf 68' lang='lat' dir='ltr'>fors,</span> <span class='ocrx_word' id='word_1_42' title='bbox 210 698 371 767; x_wconf 81' lang='lat' dir='ltr'>Natiirlieb</span> <span class='ocrx_word' id='word_1_43' title='bbox 389 701 492 787; x_wconf 86' lang='lat' dir='ltr'>nicht,</span> <span class='ocrx_word' id='word_1_44' title='bbox 515 703 588 768; x_wconf 87' lang='lat' dir='ltr'>weil</span> <span class='ocrx_word' id='word_1_45' title='bbox 606 703 743 787; x_wconf 80' lang='lat' dir='ltr'>zufillig</span> <span class='ocrx_word' id='word_1_46' title='bbox 761 725 798 767; x_wconf 90' lang='lat' dir='ltr'>so</span> <span class='ocrx_word' id='word_1_47' title='bbox 821 703 856 768; x_wconf 89' lang='lat' dir='ltr'>in</span> <span class='ocrx_word' id='word_1_48' title='bbox 874 703 930 768; x_wconf 89' lang='lat' dir='ltr'>der</span> <span class='ocrx_word' id='word_1_49' title='bbox 944 706 1084 790; x_wconf 74' lang='lat' dir='ltr'>jiingern</span> <span class='ocrx_word' id='word_1_50' title='bbox 1098 703 1228 770; x_wconf 79' lang='lat' dir='ltr'>Pariser</span> 
     </span>
     <span class='ocr_line' id='line_1_7' title="bbox 123 790 1227 897; baseline 0.007 -30.257"><span class='ocrx_word' id='word_1_51' title='bbox 123 790 181 866; x_wconf 80' lang='lat' dir='ltr'>Hds</span> <span class='ocrx_word' id='word_1_52' title='bbox 204 803 296 892; x_wconf 87' lang='lat' dir='ltr'>(nicht</span> <span class='ocrx_word' id='word_1_53' title='bbox 326 808 363 873; x_wconf 87' lang='lat' dir='ltr'>in</span> <span class='ocrx_word' id='word_1_54' title='bbox 391 807 448 873; x_wconf 88' lang='lat' dir='ltr'>der</span> <span class='ocrx_word' id='word_1_55' title='bbox 475 807 577 897; x_wconf 90' lang='lat' dir='ltr'>alten)</span> <span class='ocrx_word' id='word_1_56' title='bbox 605 809 753 875; x_wconf 87' lang='lat' dir='ltr'>wirklioh</span> <span class='ocrx_word' id='word_1_57' title='bbox 782 810 884 894; x_wconf 86' lang='lat' dir='ltr'>steht,</span> <span class='ocrx_word' id='word_1_58' title='bbox 918 811 1056 876; x_wconf 90' lang='lat' dir='ltr'>sondern</span> <span class='ocrx_word' id='word_1_59' title='bbox 1090 810 1164 875; x_wconf 85' lang='lat' dir='ltr'>weil</span> <span class='ocrx_word' id='word_1_60' title='bbox 1193 832 1227 874; x_wconf 87' lang='lat' dir='ltr'>er</span> 
     </span>
     <span class='ocr_line' id='line_1_8' title="bbox 10 904 1228 1001; baseline 0.002 -22"><span class='ocrx_word' id='word_1_61' title='bbox 10 910 13 995; x_wconf 59' lang='lat' dir='ltr'><em>J</em></span> <span class='ocrx_word' id='word_1_62' title='bbox 118 904 183 972; x_wconf 67' lang='lat'>³⁰01]</span> <span class='ocrx_word' id='word_1_63' title='bbox 202 914 387 981; x_wconf 81' lang='lat' dir='ltr'>auderw‘drts</span> <span class='ocrx_word' id='word_1_64' title='bbox 411 915 544 981; x_wconf 75' lang='lat' dir='ltr'>iahnlich</span> <span class='ocrx_word' id='word_1_65' title='bbox 567 916 777 1001; x_wconf 82' lang='lat' dir='ltr'>geschricben</span> <span class='ocrx_word' id='word_1_66' title='bbox 800 918 872 1000; x_wconf 85' lang='lat' dir='ltr'>hat,</span> <span class='ocrx_word' id='word_1_67' title='bbox 895 918 957 982; x_wconf 85' lang='lat' dir='ltr'>wie</span> <span class='ocrx_word' id='word_1_68' title='bbox 980 917 1019 981; x_wconf 91' lang='lat' dir='ltr'>de</span> <span class='ocrx_word' id='word_1_69' title='bbox 1043 917 1125 982; x_wconf 88' lang='lat' dir='ltr'><strong>offic.</strong></span> <span class='ocrx_word' id='word_1_70' title='bbox 1149 916 1174 1001; x_wconf 89' lang='grc' dir='ltr'>Ι,</span> <span class='ocrx_word' id='word_1_71' title='bbox 1200 918 1228 1000; x_wconf 83' lang='grc'>7,</span> 
     </span>
     <span class='ocr_line' id='line_1_9' title="bbox 111 1003 1229 1106; baseline -0.001 -19"><span class='ocrx_word' id='word_1_72' title='bbox 111 1003 150 1072; x_wconf 66' lang='lat'>⁸⁹⁸2</span> <span class='ocrx_word' id='word_1_73' title='bbox 161 1037 318 1089; x_wconf 66' lang='lat' dir='ltr'>marcnes</span> <span class='ocrx_word' id='word_1_74' title='bbox 335 1024 482 1089; x_wconf 72' lang='lat' dir='ltr'>salitam</span> <span class='ocrx_word' id='word_1_75' title='bbox 501 1025 539 1088; x_wconf 84' lang='lat' dir='ltr'>in</span> <span class='ocrx_word' id='word_1_76' title='bbox 556 1025 713 1089; x_wconf 80' lang='lat' dir='ltr'>medium</span> <span class='ocrx_word' id='word_1_77' title='bbox 731 1025 883 1106; x_wconf 73' lang='lat' dir='ltr'>afferre.</span> <span class='ocrx_word' id='word_1_78' title='bbox 924 1023 992 1088; x_wconf 85' lang='lat' dir='ltr'>Das</span> <span class='ocrx_word' id='word_1_79' title='bbox 1011 1023 1126 1088; x_wconf 83' lang='lat' dir='ltr'>hatten</span> <span class='ocrx_word' id='word_1_80' title='bbox 1144 1045 1229 1087; x_wconf 85' lang='lat' dir='ltr'>zwar</span> 
     </span>
     <span class='ocr_line' id='line_1_10' title="bbox 105 1121 1229 1217; baseline 0.004 -27"><span class='ocrx_word' id='word_1_81' title='bbox 105 1121 179 1190; x_wconf 68' lang='lat' dir='ltr'>anch</span> <span class='ocrx_word' id='word_1_82' title='bbox 198 1128 243 1195; x_wconf 85' lang='lat' dir='ltr'>die</span> <span class='ocrx_word' id='word_1_83' title='bbox 255 1129 451 1217; x_wconf 72' lang='lat' dir='ltr'>Vorgbnger</span> <span class='ocrx_word' id='word_1_84' title='bbox 472 1130 574 1196; x_wconf 83' lang='lat' dir='ltr'>sehon</span> <span class='ocrx_word' id='word_1_85' title='bbox 596 1131 728 1216; x_wconf 79' lang='lat' dir='ltr'>gethan,</span> <span class='ocrx_word' id='word_1_86' title='bbox 751 1132 829 1196; x_wconf 89' lang='lat' dir='ltr'>aber</span> <span class='ocrx_word' id='word_1_87' title='bbox 851 1130 942 1195; x_wconf 85' lang='lat' dir='ltr'>nicht</span> <span class='ocrx_word' id='word_1_88' title='bbox 960 1131 1072 1196; x_wconf 68' lang='lat' dir='ltr'>aciatis</span> <span class='ocrx_word' id='word_1_89' title='bbox 1090 1130 1229 1209; x_wconf 72' lang='lat' dir='ltr'>ructibus,</span> 
     </span>
     <span class='ocr_line' id='line_1_11' title="bbox 99 1225 1195 1317; baseline -0.002 -17"><span class='ocrx_word' id='word_1_90' title='bbox 99 1225 160 1292; x_wconf 67' lang='lat' dir='ltr'>‘md</span> <span class='ocrx_word' id='word_1_91' title='bbox 181 1234 210 1300; x_wconf 90' lang='lat' dir='ltr'>in</span> <span class='ocrx_word' id='word_1_92' title='bbox 230 1235 360 1304; x_wconf 76' lang='lat' dir='ltr'>Ciceros</span> <span class='ocrx_word' id='word_1_93' title='bbox 385 1235 483 1302; x_wconf 84' lang='lat' dir='ltr'>Sinna</span> <span class='ocrx_word' id='word_1_94' title='bbox 506 1236 589 1303; x_wconf 87' lang='lat' dir='ltr'>auch</span> <span class='ocrx_word' id='word_1_95' title='bbox 612 1238 700 1303; x_wconf 85' lang='lat' dir='ltr'>wohl</span> <span class='ocrx_word' id='word_1_96' title='bbox 723 1237 814 1303; x_wconf 87' lang='lat' dir='ltr'>nieht</span> <span class='ocrx_word' id='word_1_97' title='bbox 837 1238 937 1302; x_wconf 78' lang='lat' dir='ltr'>latinu</span> <span class='ocrx_word' id='word_1_98' title='bbox 959 1235 1046 1302; x_wconf 83' lang='lat' dir='ltr'>voca&#39;</span> <span class='ocrx_word' id='word_1_99' title='bbox 1071 1234 1105 1301; x_wconf 83' lang='lat' dir='ltr'>O.</span> <span class='ocrx_word' id='word_1_100' title='bbox 1129 1235 1195 1317; x_wconf 90' lang='lat' dir='ltr'>W.]</span> 
     </span>
     <span class='ocr_line' id='line_1_12' title="bbox 178 1340 1230 1430; baseline -0.003 -20"><span class='ocrx_word' id='word_1_101' title='bbox 178 1340 247 1426; x_wconf 67' lang='lat' dir='ltr'>Peg.</span> <span class='ocrx_word' id='word_1_102' title='bbox 268 1344 379 1419; x_wconf 68' lang='lat' dir='ltr'>alas</span> <span class='ocrx_word' id='word_1_103' title='bbox 410 1345 572 1427; x_wconf 76' lang='lat' dir='ltr'>quiddam,</span> <span class='ocrx_word' id='word_1_104' title='bbox 604 1367 662 1429; x_wconf 90' lang='lat' dir='ltr'>pro</span> <span class='ocrx_word' id='word_1_105' title='bbox 691 1367 754 1430; x_wconf 91' lang='lat' dir='ltr'>quo</span> <span class='ocrx_word' id='word_1_106' title='bbox 786 1343 872 1428; x_wconf 91' lang='lat' dir='ltr'>quod</span> <span class='ocrx_word' id='word_1_107' title='bbox 901 1344 935 1409; x_wconf 91' lang='lat' dir='ltr'>in</span> <span class='ocrx_word' id='word_1_108' title='bbox 963 1343 1078 1408; x_wconf 87' lang='lat' dir='ltr'>ceteris</span> <span class='ocrx_word' id='word_1_109' title='bbox 1100 1347 1230 1427; x_wconf 84' lang='lat' dir='ltr'>praeter</span> 
     </span>
     <span class='ocr_line' id='line_1_13' title="bbox 84 1442 1229 1533; baseline 0.006 -25"><span class='ocrx_word' id='word_1_110' title='bbox 84 1442 224 1514; x_wconf 63' lang='lat' dir='ltr'>Veterem</span> <span class='ocrx_word' id='word_1_111' title='bbox 251 1451 436 1516; x_wconf 89' lang='lat' dir='ltr'>Parisinum</span> <span class='ocrx_word' id='word_1_112' title='bbox 466 1451 559 1515; x_wconf 89' lang='lat' dir='ltr'>libris</span> <span class='ocrx_word' id='word_1_113' title='bbox 590 1454 697 1515; x_wconf 83' lang='lat' dir='ltr'>exstat</span> <span class='ocrx_word' id='word_1_114' title='bbox 725 1451 903 1533; x_wconf 76' lang='lat' dir='ltr'>quidquod</span> <span class='ocrx_word' id='word_1_115' title='bbox 932 1449 982 1513; x_wconf 88' lang='lat' dir='ltr'>vel</span> <span class='ocrx_word' id='word_1_116' title='bbox 1011 1451 1162 1532; x_wconf 67' lang='lat' dir='ltr'>quitquid</span> <span class='ocrx_word' id='word_1_117' title='bbox 1189 1471 1229 1515; x_wconf 88' lang='lat' dir='ltr'>ne</span> 
     </span>
     <span class='ocr_line' id='line_1_14' title="bbox 76 1535 1229 1643; baseline -0.001 -23"><span class='ocrx_word' id='word_1_118' title='bbox 76 1535 230 1643; x_wconf 71' lang='lat' dir='ltr'>intellegi</span> <span class='ocrx_word' id='word_1_119' title='bbox 266 1557 397 1643; x_wconf 88' lang='lat' dir='ltr'>quidem</span> <span class='ocrx_word' id='word_1_120' title='bbox 433 1559 557 1642; x_wconf 86' lang='lat' dir='ltr'>potest,</span> <span class='ocrx_word' id='word_1_121' title='bbox 597 1557 779 1623; x_wconf 87' lang='lat' dir='ltr'>rectissimo</span> <span class='ocrx_word' id='word_1_122' title='bbox 816 1556 934 1621; x_wconf 87' lang='lat' dir='ltr'>iudicio</span> <span class='ocrx_word' id='word_1_123' title='bbox 972 1557 1037 1621; x_wconf 90' lang='lat' dir='ltr'>iam</span> <span class='ocrx_word' id='word_1_124' title='bbox 1075 1555 1229 1620; x_wconf 83' lang='lat' dir='ltr'>Pithoeus</span> 
     </span>
     <span class='ocr_line' id='line_1_15' title="bbox 71 1661 1231 1750; baseline -0.002 -21"><span class='ocrx_word' id='word_1_125' title='bbox 71 1664 225 1748; x_wconf 57' lang='lat' dir='ltr'>‘suscepit</span> <span class='ocrx_word' id='word_1_126' title='bbox 236 1664 521 1750; x_wconf 79' lang='lat' dir='ltr'>Epigrammatum</span> <span class='ocrx_word' id='word_1_127' title='bbox 540 1668 573 1728; x_wconf 90' lang='lat' dir='ltr'>et</span> <span class='ocrx_word' id='word_1_128' title='bbox 590 1668 776 1749; x_wconf 88' lang='lat' dir='ltr'>poematum</span> <span class='ocrx_word' id='word_1_129' title='bbox 796 1667 942 1729; x_wconf 81' lang='lat' dir='ltr'>veterum</span> <span class='ocrx_word' id='word_1_130' title='bbox 959 1687 989 1747; x_wconf 88' lang='lat' dir='ltr'>p.</span> <span class='ocrx_word' id='word_1_131' title='bbox 1005 1664 1048 1727; x_wconf 81' lang='lat'>42</span> <span class='ocrx_word' id='word_1_132' title='bbox 1067 1661 1114 1725; x_wconf 87' lang='lat' dir='ltr'>cd.</span> <span class='ocrx_word' id='word_1_133' title='bbox 1128 1661 1231 1746; x_wconf 78' lang='lat' dir='ltr'>bugd.</span> 
     </span>
     <span class='ocr_line' id='line_1_16' title="bbox 67 1768 1231 1856; baseline 0.002 -24"><span class='ocrx_word' id='word_1_134' title='bbox 67 1775 101 1821; x_wconf 80' lang='lat' dir='ltr'>a·</span> <span class='ocrx_word' id='word_1_135' title='bbox 135 1769 232 1855; x_wconf 79' lang='lat'><strong>1596,</strong></span> <span class='ocrx_word' id='word_1_136' title='bbox 254 1771 406 1856; x_wconf 79' lang='lat' dir='ltr'>probavit</span> <span class='ocrx_word' id='word_1_137' title='bbox 428 1774 504 1855; x_wconf 88' lang='lat' dir='ltr'>post</span> <span class='ocrx_word' id='word_1_138' title='bbox 526 1769 701 1837; x_wconf 85' lang='lat' dir='ltr'>Nicolaum</span> <span class='ocrx_word' id='word_1_139' title='bbox 724 1770 894 1836; x_wconf 89' lang='lat' dir='ltr'>Heinsium</span> <span class='ocrx_word' id='word_1_140' title='bbox 919 1771 953 1835; x_wconf 92' lang='lat' dir='ltr'>in</span> <span class='ocrx_word' id='word_1_141' title='bbox 976 1768 1068 1835; x_wconf 88' lang='lat' dir='ltr'>Ovid.</span> <span class='ocrx_word' id='word_1_142' title='bbox 1087 1769 1184 1833; x_wconf 81' lang='lat' dir='ltr'>Trist.</span> <span class='ocrx_word' id='word_1_143' title='bbox 1199 1788 1231 1853; x_wconf 92' lang='lat' dir='ltr'>v,</span> 
     </span>
     <span class='ocr_line' id='line_1_17' title="bbox 69 1863 1231 1963; baseline 0.001 -23"><span class='ocrx_word' id='word_1_144' title='bbox 69 1863 112 1950; x_wconf 82' lang='lat' dir='ltr'>l,</span> <span class='ocrx_word' id='word_1_145' title='bbox 146 1878 189 1943; x_wconf 91' lang='lat'>18</span> <span class='ocrx_word' id='word_1_146' title='bbox 213 1877 420 1943; x_wconf 80' lang='lat' dir='ltr'>Burmannus</span> <span class='ocrx_word' id='word_1_147' title='bbox 444 1876 665 1963; x_wconf 83' lang='lat' dir='ltr'>Antbologias</span> <span class='ocrx_word' id='word_1_148' title='bbox 692 1877 756 1945; x_wconf 83' lang='lat' dir='ltr'>vol.</span> <span class='ocrx_word' id='word_1_149' title='bbox 779 1896 792 1941; x_wconf 92' lang='lat'>1</span> <span class='ocrx_word' id='word_1_150' title='bbox 819 1900 850 1961; x_wconf 90' lang='lat' dir='ltr'>p.</span> <span class='ocrx_word' id='word_1_151' title='bbox 873 1877 952 1959; x_wconf 87' lang='grc'><strong>410,</strong></span> <span class='ocrx_word' id='word_1_152' title='bbox 984 1876 1067 1941; x_wconf 89' lang='lat' dir='ltr'>miro</span> <span class='ocrx_word' id='word_1_153' title='bbox 1096 1875 1231 1941; x_wconf 89' lang='lat' dir='ltr'>consilio</span> 
     </span>
     <span class='ocr_line' id='line_1_18' title="bbox 63 1976 1232 2069; baseline 0.001 -22"><span class='ocrx_word' id='word_1_154' title='bbox 63 1976 111 2036; x_wconf 63' lang='lat' dir='ltr'>ut</span> <span class='ocrx_word' id='word_1_155' title='bbox 149 1984 202 2048; x_wconf 82' lang='lat' dir='ltr'>tot</span> <span class='ocrx_word' id='word_1_156' title='bbox 229 1983 295 2048; x_wconf 84' lang='lat' dir='ltr'>alia</span> <span class='ocrx_word' id='word_1_157' title='bbox 324 1987 401 2049; x_wconf 89' lang='lat' dir='ltr'>ante</span> <span class='ocrx_word' id='word_1_158' title='bbox 431 2005 465 2048; x_wconf 87' lang='lat' dir='ltr'>se</span> <span class='ocrx_word' id='word_1_159' title='bbox 497 1987 583 2049; x_wconf 86' lang='lat' dir='ltr'>recte</span> <span class='ocrx_word' id='word_1_160' title='bbox 611 1984 743 2049; x_wconf 84' lang='lat' dir='ltr'>inventa</span> <span class='ocrx_word' id='word_1_161' title='bbox 770 1983 894 2069; x_wconf 85' lang='lat' dir='ltr'>sprevit</span> <span class='ocrx_word' id='word_1_162' title='bbox 921 1982 1070 2068; x_wconf 86' lang='lat' dir='ltr'>Meyerus</span> <span class='ocrx_word' id='word_1_163' title='bbox 1095 1981 1232 2048; x_wconf 84' lang='lat' dir='ltr'>Anthol.</span> 
     </span>
     <span class='ocr_line' id='line_1_19' title="bbox 59 2081 1231 2176; baseline -0.003 -20"><span class='ocrx_word' id='word_1_164' title='bbox 59 2081 188 2173; x_wconf 72' lang='lat' dir='ltr'>ePige</span> <span class='ocrx_word' id='word_1_165' title='bbox 217 2090 268 2156; x_wconf 88' lang='grc'>64.</span> <span class='ocrx_word' id='word_1_166' title='bbox 305 2127 347 2138; x_wconf 92' lang='grc'>-</span> <span class='ocrx_word' id='word_1_167' title='bbox 386 2095 476 2174; x_wconf 67' lang='lat' dir='ltr'>atussa</span> <span class='ocrx_word' id='word_1_168' title='bbox 512 2113 572 2176; x_wconf 88' lang='lat' dir='ltr'>pro</span> <span class='ocrx_word' id='word_1_169' title='bbox 603 2111 642 2157; x_wconf 85' lang='lat' dir='ltr'>aa</span> <span class='ocrx_word' id='word_1_170' title='bbox 672 2090 894 2176; x_wconf 88' lang='lat' dir='ltr'>reponendum</span> <span class='ocrx_word' id='word_1_171' title='bbox 926 2089 992 2154; x_wconf 87' lang='lat' dir='ltr'>iam</span> <span class='ocrx_word' id='word_1_172' title='bbox 1024 2089 1231 2156; x_wconf 84' lang='lat' dir='ltr'>Burmannus</span> 
     </span>
     <span class='ocr_line' id='line_1_20' title="bbox 58 2185 217 2261; baseline 0.05 -7"><span class='ocrx_word' id='word_1_173' title='bbox 58 2185 217 2261; x_wconf 76' lang='lat' dir='ltr'>viderat</span> 
     </span>
     <span class='ocr_line' id='line_1_21' title="bbox 178 2299 1229 2390; baseline 0.005 -26"><span class='ocrx_word' id='word_1_174' title='bbox 178 2299 297 2367; x_wconf 84' lang='lat' dir='ltr'>Ibidem</span> <span class='ocrx_word' id='word_1_175' title='bbox 324 2306 403 2387; x_wconf 89' lang='lat' dir='ltr'>post</span> <span class='ocrx_word' id='word_1_176' title='bbox 424 2303 549 2386; x_wconf 78' lang='lat' dir='ltr'>loquens</span> <span class='ocrx_word' id='word_1_177' title='bbox 571 2326 685 2369; x_wconf 88' lang='lat' dir='ltr'>vocem</span> <span class='ocrx_word' id='word_1_178' title='bbox 707 2304 825 2370; x_wconf 86' lang='lat' dir='ltr'>misere</span> <span class='ocrx_word' id='word_1_179' title='bbox 849 2305 1008 2390; x_wconf 84' lang='lat' dir='ltr'>languens</span> <span class='ocrx_word' id='word_1_180' title='bbox 1031 2305 1134 2369; x_wconf 80' lang='lat' dir='ltr'>dicens</span> <span class='ocrx_word' id='word_1_181' title='bbox 1157 2327 1229 2389; x_wconf 87' lang='lat' dir='ltr'>par·</span> 
     </span>
     <span class='ocr_line' id='line_1_22' title="bbox 57 2395 1230 2496; baseline 0.003 -24"><span class='ocrx_word' id='word_1_182' title='bbox 57 2395 232 2490; x_wconf 69' lang='lat' dir='ltr'>ticinium</span> <span class='ocrx_word' id='word_1_183' title='bbox 261 2408 328 2474; x_wconf 88' lang='lat' dir='ltr'>iam</span> <span class='ocrx_word' id='word_1_184' title='bbox 352 2406 519 2476; x_wconf 79' lang='lat' dir='ltr'>Ciceronis</span> <span class='ocrx_word' id='word_1_185' title='bbox 554 2408 730 2476; x_wconf 80' lang='lat' dir='ltr'>editoribus</span> <span class='ocrx_word' id='word_1_186' title='bbox 765 2410 955 2496; x_wconf 89' lang='lat' dir='ltr'>quibusdam</span> <span class='ocrx_word' id='word_1_187' title='bbox 991 2410 1230 2494; x_wconf 74' lang='lat' dir='ltr'>antiquioribus</span> 
     </span>
     <span class='ocr_line' id='line_1_23' title="bbox 62 2506 1230 2601; baseline 0.004 -25"><span class='ocrx_word' id='word_1_188' title='bbox 62 2506 255 2581; x_wconf 76' lang='lat' dir='ltr'>offensioni</span> <span class='ocrx_word' id='word_1_189' title='bbox 272 2515 345 2600; x_wconf 80' lang='lat' dir='ltr'>fuit,</span> <span class='ocrx_word' id='word_1_190' title='bbox 364 2538 384 2580; x_wconf 91' lang='lat' dir='ltr'>a</span> <span class='ocrx_word' id='word_1_191' title='bbox 402 2515 519 2600; x_wconf 90' lang='lat' dir='ltr'>quibus</span> <span class='ocrx_word' id='word_1_192' title='bbox 539 2516 680 2598; x_wconf 75' lang='lat' dir='ltr'>linqccens</span> <span class='ocrx_word' id='word_1_193' title='bbox 698 2517 853 2601; x_wconf 88' lang='lat' dir='ltr'>scriptum</span> <span class='ocrx_word' id='word_1_194' title='bbox 872 2515 1018 2580; x_wconf 85' lang='lat' dir='ltr'>invenio:</span> <span class='ocrx_word' id='word_1_195' title='bbox 1042 2515 1127 2599; x_wconf 91' lang='lat' dir='ltr'>quod</span> <span class='ocrx_word' id='word_1_196' title='bbox 1147 2516 1230 2581; x_wconf 87' lang='lat' dir='ltr'>unde</span> 
     </span>
     <span class='ocr_line' id='line_1_24' title="bbox 57 2615 1282 2708; baseline 0 -21"><span class='ocrx_word' id='word_1_197' title='bbox 57 2615 224 2687; x_wconf 76' lang='lat' dir='ltr'>petitum</span> <span class='ocrx_word' id='word_1_198' title='bbox 242 2622 284 2686; x_wconf 88' lang='lat' dir='ltr'>sit</span> <span class='ocrx_word' id='word_1_199' title='bbox 303 2621 356 2686; x_wconf 84' lang='lat' dir='ltr'>vel</span> <span class='ocrx_word' id='word_1_200' title='bbox 376 2621 454 2706; x_wconf 91' lang='lat' dir='ltr'>quid</span> <span class='ocrx_word' id='word_1_201' title='bbox 473 2622 536 2687; x_wconf 86' lang='lat' dir='ltr'>sibi</span> <span class='ocrx_word' id='word_1_202' title='bbox 556 2624 643 2707; x_wconf 85' lang='lat' dir='ltr'>velit,</span> <span class='ocrx_word' id='word_1_203' title='bbox 667 2624 783 2708; x_wconf 82' lang='lat' dir='ltr'>ignoro</span> <span class='ocrx_word' id='word_1_204' title='bbox 798 2623 888 2687; x_wconf 84' lang='lat' dir='ltr'>iuxta</span> <span class='ocrx_word' id='word_1_205' title='bbox 902 2645 975 2686; x_wconf 90' lang='lat' dir='ltr'>cum</span> <span class='ocrx_word' id='word_1_206' title='bbox 989 2621 1227 2707; x_wconf 83' lang='lat' dir='ltr'>ignarissumis.</span> <span class='ocrx_word' id='word_1_207' title='bbox 1243 2647 1282 2687; x_wconf 74' lang='lat' dir='ltr'>sas</span> 
     </span>
     <span class='ocr_line' id='line_1_25' title="bbox 61 2707 1233 2812; baseline 0.003 -22"><span class='ocrx_word' id='word_1_208' title='bbox 61 2707 169 2785; x_wconf 69' lang='lat' dir='ltr'>Nec</span> <span class='ocrx_word' id='word_1_209' title='bbox 186 2723 341 2812; x_wconf 84' lang='lat' dir='ltr'>Scaligero</span> <span class='ocrx_word' id='word_1_210' title='bbox 369 2729 471 2794; x_wconf 74' lang='lat' dir='ltr'>diosas</span> <span class='ocrx_word' id='word_1_211' title='bbox 499 2728 672 2793; x_wconf 85' lang='lat' dir='ltr'>tolerabile</span> <span class='ocrx_word' id='word_1_212' title='bbox 696 2729 816 2812; x_wconf 84' lang='lat' dir='ltr'>visum,</span> <span class='ocrx_word' id='word_1_213' title='bbox 848 2733 885 2792; x_wconf 86' lang='lat' dir='ltr'>ut</span> <span class='ocrx_word' id='word_1_214' title='bbox 912 2728 966 2812; x_wconf 91' lang='lat' dir='ltr'>qui</span> <span class='ocrx_word' id='word_1_215' title='bbox 995 2729 1101 2792; x_wconf 75' lang='lat' dir='ltr'>oasa-iu</span> <span class='ocrx_word' id='word_1_216' title='bbox 1129 2729 1233 2794; x_wconf 74' lang='lat' dir='ltr'>dadau</span> 
     </span>
     <span class='ocr_line' id='line_1_26' title="bbox 55 2833 1232 2919; baseline 0.005 -25"><span class='ocrx_word' id='word_1_217' title='bbox 55 2834 227 2898; x_wconf 65' lang='lat' dir='ltr'>proruens</span> <span class='ocrx_word' id='word_1_218' title='bbox 251 2836 350 2900; x_wconf 90' lang='lat' dir='ltr'>tacite</span> <span class='ocrx_word' id='word_1_219' title='bbox 380 2834 516 2899; x_wconf 86' lang='lat' dir='ltr'>ediderit</span> <span class='ocrx_word' id='word_1_220' title='bbox 539 2836 572 2898; x_wconf 91' lang='lat' dir='ltr'>in</span> <span class='ocrx_word' id='word_1_221' title='bbox 597 2833 772 2900; x_wconf 84' lang='lat' dir='ltr'>Catalectis</span> <span class='ocrx_word' id='word_1_222' title='bbox 796 2858 827 2919; x_wconf 90' lang='lat' dir='ltr'>p.</span> <span class='ocrx_word' id='word_1_223' title='bbox 850 2835 913 2899; x_wconf 80' lang='lat'>221</span> <span class='ocrx_word' id='word_1_224' title='bbox 940 2835 987 2898; x_wconf 87' lang='lat' dir='ltr'>ed.</span> <span class='ocrx_word' id='word_1_225' title='bbox 1009 2834 1180 2899; x_wconf 86' lang='lat' dir='ltr'>Lindcnbr.</span> <span class='ocrx_word' id='word_1_226' title='bbox 1204 2860 1232 2900; x_wconf 91' lang='lat' dir='ltr'>a.</span> 
     </span>
     <span class='ocr_line' id='line_1_27' title="bbox 71 2924 1233 3024; baseline 0.003 -21"><span class='ocrx_word' id='word_1_227' title='bbox 71 2924 192 2997; x_wconf 68' lang='lat'>¹517·</span> <span class='ocrx_word' id='word_1_228' title='bbox 229 2938 319 3015; x_wconf 78' lang='lat' dir='ltr'>Quod</span> <span class='ocrx_word' id='word_1_229' title='bbox 343 2961 418 3004; x_wconf 89' lang='lat' dir='ltr'>cum</span> <span class='ocrx_word' id='word_1_230' title='bbox 441 2961 461 3003; x_wconf 91' lang='lat' dir='ltr'>a</span> <span class='ocrx_word' id='word_1_231' title='bbox 484 2939 695 3005; x_wconf 89' lang='lat' dir='ltr'>similitudine</span> <span class='ocrx_word' id='word_1_232' title='bbox 726 2941 908 3005; x_wconf 88' lang='lat' dir='ltr'>litterarum</span> <span class='ocrx_word' id='word_1_233' title='bbox 933 2963 1048 3024; x_wconf 87' lang='lat' dir='ltr'>parum</span> <span class='ocrx_word' id='word_1_234' title='bbox 1073 2962 1233 3006; x_wconf 88' lang='lat' dir='ltr'>commen·</span> 
     </span>
     <span class='ocr_line' id='line_1_28' title="bbox 71 3026 1232 3130; baseline 0.009 -28"><span class='ocrx_word' id='word_1_235' title='bbox 71 3026 228 3107; x_wconf 63' lang='lat' dir='ltr'>stationis</span> <span class='ocrx_word' id='word_1_236' title='bbox 249 3045 384 3130; x_wconf 84' lang='lat' dir='ltr'>habeat,</span> <span class='ocrx_word' id='word_1_237' title='bbox 407 3045 480 3110; x_wconf 89' lang='lat' dir='ltr'>vide</span> <span class='ocrx_word' id='word_1_238' title='bbox 504 3069 582 3111; x_wconf 90' lang='lat' dir='ltr'>num</span> <span class='ocrx_word' id='word_1_239' title='bbox 607 3070 623 3111; x_wconf 89' lang='lat' dir='ltr'>e</span> <span class='ocrx_word' id='word_1_240' title='bbox 646 3047 853 3112; x_wconf 76' lang='lat' dir='ltr'>dcclciudiccns</span> <span class='ocrx_word' id='word_1_241' title='bbox 876 3047 995 3112; x_wconf 89' lang='lat' dir='ltr'>litteris</span> <span class='ocrx_word' id='word_1_242' title='bbox 1018 3049 1136 3112; x_wconf 89' lang='lat' dir='ltr'>rectius</span> <span class='ocrx_word' id='word_1_243' title='bbox 1160 3049 1232 3113; x_wconf 85' lang='lat' dir='ltr'>effe·</span> 
     </span>
     <span class='ocr_line' id='line_1_29' title="bbox 80 3143 1231 3238; baseline 0.01 -29"><span class='ocrx_word' id='word_1_244' title='bbox 80 3143 195 3209; x_wconf 72' lang='lat' dir='ltr'>carin</span> <span class='ocrx_word' id='word_1_245' title='bbox 212 3151 408 3218; x_wconf 72' lang='lat' dir='ltr'>dailoidiseens</span> <span class='ocrx_word' id='word_1_246' title='bbox 430 3151 461 3215; x_wconf 93' lang='lat' dir='ltr'>h.</span> <span class='ocrx_word' id='word_1_247' title='bbox 472 3176 497 3216; x_wconf 88' lang='lat' dir='ltr'>c.</span> <span class='ocrx_word' id='word_1_248' title='bbox 516 3153 621 3218; x_wconf 70' lang='lat' dir='ltr'>dauleio</span> <span class='ocrx_word' id='word_1_249' title='bbox 639 3154 775 3218; x_wconf 59' lang='lat' dir='ltr'>maceras.</span> <span class='ocrx_word' id='word_1_250' title='bbox 812 3153 843 3218; x_wconf 93' lang='lat' dir='ltr'>N</span> <span class='ocrx_word' id='word_1_251' title='bbox 846 3176 897 3217; x_wconf 85' lang='lat' dir='ltr'>am</span> <span class='ocrx_word' id='word_1_252' title='bbox 918 3154 1001 3238; x_wconf 95' lang='lat' dir='ltr'>quod</span> <span class='ocrx_word' id='word_1_253' title='bbox 1021 3175 1102 3220; x_wconf 76' lang='lat' dir='ltr'>corne</span> <span class='ocrx_word' id='word_1_254' title='bbox 1120 3153 1231 3221; x_wconf 78' lang='lat' dir='ltr'>Cicero</span> 
     </span>
     <span class='ocr_line' id='line_1_30' title="bbox 85 3236 1234 3353; baseline 0.017 -46"><span class='ocrx_word' id='word_1_255' title='bbox 85 3236 192 3353; x_wconf 56' lang='lat' dir='ltr'>dicit,</span> <span class='ocrx_word' id='word_1_256' title='bbox 209 3278 273 3322; x_wconf 90' lang='lat' dir='ltr'>cnm</span> <span class='ocrx_word' id='word_1_257' title='bbox 297 3258 366 3323; x_wconf 90' lang='lat' dir='ltr'>suis</span> <span class='ocrx_word' id='word_1_258' title='bbox 391 3258 447 3343; x_wconf 89' lang='lat' dir='ltr'>qui</span> <span class='ocrx_word' id='word_1_259' title='bbox 470 3258 554 3323; x_wconf 87' lang='lat' dir='ltr'>infra</span> <span class='ocrx_word' id='word_1_260' title='bbox 577 3259 677 3343; x_wconf 89' lang='lat' dir='ltr'>positi</span> <span class='ocrx_word' id='word_1_261' title='bbox 701 3264 776 3324; x_wconf 91' lang='lat' dir='ltr'>sunt</span> <span class='ocrx_word' id='word_1_262' title='bbox 798 3260 945 3325; x_wconf 84' lang='lat' dir='ltr'>versibus</span> <span class='ocrx_word' id='word_1_263' title='bbox 969 3259 1003 3326; x_wconf 85' lang='lat' dir='ltr'>O.</span> <span class='ocrx_word' id='word_1_264' title='bbox 1027 3260 1147 3326; x_wconf 84' lang='lat' dir='ltr'>Caesar</span> <span class='ocrx_word' id='word_1_265' title='bbox 1170 3262 1234 3326; x_wconf 73' lang='lat' dir='ltr'>luite</span> 
     </span>
     <span class='ocr_line' id='line_1_31' title="bbox 93 3354 1233 3457; baseline 0.006 -33"><span class='ocrx_word' id='word_1_266' title='bbox 93 3354 327 3457; x_wconf 62' lang='lat' dir='ltr'>{nterproetua</span> <span class='ocrx_word' id='word_1_267' title='bbox 350 3365 469 3429; x_wconf 90' lang='lat' dir='ltr'>lenitas</span> <span class='ocrx_word' id='word_1_268' title='bbox 493 3369 601 3430; x_wconf 88' lang='lat' dir='ltr'>autem</span> <span class='ocrx_word' id='word_1_269' title='bbox 622 3366 720 3430; x_wconf 90' lang='lat' dir='ltr'>ctiam</span> <span class='ocrx_word' id='word_1_270' title='bbox 741 3366 832 3431; x_wconf 90' lang='lat' dir='ltr'>arida</span> <span class='ocrx_word' id='word_1_271' title='bbox 851 3388 921 3430; x_wconf 88' lang='lat' dir='ltr'>esse</span> <span class='ocrx_word' id='word_1_272' title='bbox 941 3372 974 3431; x_wconf 90' lang='lat' dir='ltr'>et</span> <span class='ocrx_word' id='word_1_273' title='bbox 994 3367 1102 3432; x_wconf 89' lang='lat' dir='ltr'>ieiuna</span> <span class='ocrx_word' id='word_1_274' title='bbox 1120 3368 1233 3451; x_wconf 86' lang='lat' dir='ltr'>possit,</span> 
     </span>
     <span class='ocr_line' id='line_1_32' title="bbox 97 3468 1233 3564; baseline 0.004 -32"><span class='ocrx_word' id='word_1_275' title='bbox 97 3468 176 3564; x_wconf 56' lang='grc' dir='ltr'>ΨΘ</span> <span class='ocrx_word' id='word_1_276' title='bbox 195 3487 241 3533; x_wconf 87' lang='lat' dir='ltr'>suo</span> <span class='ocrx_word' id='word_1_277' title='bbox 267 3468 380 3536; x_wconf 86' lang='lat' dir='ltr'>Cicero</span> <span class='ocrx_word' id='word_1_278' title='bbox 408 3471 570 3536; x_wconf 80' lang='lat' dir='ltr'>videbitur</span> <span class='ocrx_word' id='word_1_279' title='bbox 598 3473 685 3537; x_wconf 90' lang='lat' dir='ltr'>omni</span> <span class='ocrx_word' id='word_1_280' title='bbox 714 3473 875 3537; x_wconf 85' lang='lat' dir='ltr'>suavitate</span> <span class='ocrx_word' id='word_1_281' title='bbox 903 3473 1036 3538; x_wconf 87' lang='lat' dir='ltr'>mistam</span> <span class='ocrx_word' id='word_1_282' title='bbox 1065 3473 1233 3537; x_wconf 89' lang='lat' dir='ltr'>lenitatem</span> 
     </span>
     <span class='ocr_line' id='line_1_33' title="bbox 107 3574 1231 3664; baseline 0.007 -28"><span class='ocrx_word' id='word_1_283' title='bbox 107 3574 143 3619; x_wconf 88' lang='lat'>¹¹¹</span> <span class='ocrx_word' id='word_1_284' title='bbox 166 3577 243 3647; x_wconf 75' lang='lat' dir='ltr'>poeta</span> <span class='ocrx_word' id='word_1_285' title='bbox 264 3577 463 3661; x_wconf 88' lang='lat' dir='ltr'>praedicare,</span> <span class='ocrx_word' id='word_1_286' title='bbox 486 3582 524 3642; x_wconf 93' lang='lat' dir='ltr'>ut</span> <span class='ocrx_word' id='word_1_287' title='bbox 547 3579 602 3661; x_wconf 90' lang='lat' dir='ltr'>qui</span> <span class='ocrx_word' id='word_1_288' title='bbox 626 3578 714 3643; x_wconf 87' lang='lat' dir='ltr'>intra</span> <span class='ocrx_word' id='word_1_289' title='bbox 737 3579 883 3643; x_wconf 87' lang='lat' dir='ltr'>lenitatis</span> <span class='ocrx_word' id='word_1_290' title='bbox 908 3579 1037 3664; x_wconf 88' lang='lat' dir='ltr'>quidem</span> <span class='ocrx_word' id='word_1_291' title='bbox 1061 3578 1111 3643; x_wconf 89' lang='lat' dir='ltr'>vel</span> <span class='ocrx_word' id='word_1_292' title='bbox 1135 3580 1231 3644; x_wconf 91' lang='lat' dir='ltr'>comi·</span> 
     </span>
     <span class='ocr_line' id='line_1_34' title="bbox 113 3663 1231 3769; baseline 0.004 -25"><span class='ocrx_word' id='word_1_293' title='bbox 113 3663 185 3735; x_wconf 68' lang='lat' dir='ltr'>um</span> <span class='ocrx_word' id='word_1_294' title='bbox 202 3679 269 3747; x_wconf 88' lang='lat' dir='ltr'>fines</span> <span class='ocrx_word' id='word_1_295' title='bbox 291 3682 344 3769; x_wconf 90' lang='lat' dir='ltr'>(eo</span> <span class='ocrx_word' id='word_1_296' title='bbox 369 3683 455 3748; x_wconf 93' lang='lat' dir='ltr'>enim</span> <span class='ocrx_word' id='word_1_297' title='bbox 479 3686 606 3767; x_wconf 86' lang='lat' dir='ltr'>spectat</span> <span class='ocrx_word' id='word_1_298' title='bbox 630 3685 714 3768; x_wconf 91' lang='lat' dir='ltr'>quod</span> <span class='ocrx_word' id='word_1_299' title='bbox 736 3685 906 3768; x_wconf 86' lang='lat' dir='ltr'>praemisit</span> <span class='ocrx_word' id='word_1_300' title='bbox 925 3684 1101 3750; x_wconf 83' lang='lat' dir='ltr'>Suetonius</span> <span class='ocrx_word' id='word_1_301' title='bbox 1116 3684 1231 3750; x_wconf 81' lang='lat' dir='ltr'>‘Cicero</span> 
     </span>
     <span class='ocr_line' id='line_1_35' title="bbox 120 3762 1233 3877; baseline 0.006 -29"><span class='ocrx_word' id='word_1_302' title='bbox 120 3762 263 3854; x_wconf 66' lang='lat' dir='ltr'>lsstleaus</span> <span class='ocrx_word' id='word_1_303' title='bbox 290 3787 428 3877; x_wconf 80' lang='lat' dir='ltr'>laudat&#39;)</span> <span class='ocrx_word' id='word_1_304' title='bbox 458 3789 541 3854; x_wconf 90' lang='lat' dir='ltr'>nihil</span> <span class='ocrx_word' id='word_1_305' title='bbox 570 3789 747 3855; x_wconf 86' lang='lat' dir='ltr'>dulcedinis</span> <span class='ocrx_word' id='word_1_306' title='bbox 778 3792 938 3875; x_wconf 85' lang='lat' dir='ltr'>omiserit,</span> <span class='ocrx_word' id='word_1_307' title='bbox 968 3793 1035 3856; x_wconf 84' lang='lat' dir='ltr'>vim</span> <span class='ocrx_word' id='word_1_308' title='bbox 1063 3794 1171 3856; x_wconf 88' lang='lat' dir='ltr'>autem</span> <span class='ocrx_word' id='word_1_309' title='bbox 1201 3795 1233 3856; x_wconf 93' lang='lat' dir='ltr'>et</span> 
     </span>
     <span class='ocr_line' id='line_1_36' title="bbox 15 3885 1024 3983; baseline 0.006 -24"><span class='ocrx_word' id='word_1_310' title='bbox 15 3952 24 3968; x_wconf 81' lang='grc'>.,</span> <span class='ocrx_word' id='word_1_311' title='bbox 125 3885 289 3981; x_wconf 64' lang='lat' dir='ltr'>annuum,</span> <span class='ocrx_word' id='word_1_312' title='bbox 310 3919 392 3983; x_wconf 89' lang='lat' dir='ltr'>quae</span> <span class='ocrx_word' id='word_1_313' title='bbox 416 3897 569 3981; x_wconf 91' lang='lat' dir='ltr'>opposita</span> <span class='ocrx_word' id='word_1_314' title='bbox 593 3901 643 3962; x_wconf 89' lang='lat' dir='ltr'>est</span> <span class='ocrx_word' id='word_1_315' title='bbox 665 3897 808 3982; x_wconf 85' lang='lat' dir='ltr'>lenitati,</span> <span class='ocrx_word' id='word_1_316' title='bbox 831 3899 1024 3965; x_wconf 86' lang='lat' dir='ltr'>destituerit.</span> 
     </span>
     <span class='ocr_line' id='line_1_37' title="bbox 13 3988 1231 4103; baseline 0.002 -35"><span class='ocrx_word' id='word_1_317' title='bbox 13 4068 35 4103; x_wconf 74' lang='lat' dir='ltr'>u</span> <span class='ocrx_word' id='word_1_318' title='bbox 194 3988 255 4080; x_wconf 72' lang='lat' dir='ltr'>Ptss.</span> <span class='ocrx_word' id='word_1_319' title='bbox 276 4002 334 4079; x_wconf 77' lang='lat'>21³.</span> <span class='ocrx_word' id='word_1_320' title='bbox 358 4004 377 4069; x_wconf 83' lang='lat'>8</span> <span class='ocrx_word' id='word_1_321' title='bbox 399 4004 438 4069; x_wconf 91' lang='lat' dir='ltr'>de</span> <span class='ocrx_word' id='word_1_322' title='bbox 461 4004 629 4089; x_wconf 90' lang='lat' dir='ltr'>praeclara</span> <span class='ocrx_word' id='word_1_323' title='bbox 652 4003 887 4088; x_wconf 84' lang='lat' dir='ltr'>emendatione,</span> <span class='ocrx_word' id='word_1_324' title='bbox 912 4029 975 4091; x_wconf 91' lang='lat' dir='ltr'>qua</span> <span class='ocrx_word' id='word_1_325' title='bbox 998 4007 1032 4071; x_wconf 89' lang='lat' dir='ltr'>in</span> <span class='ocrx_word' id='word_1_326' title='bbox 1052 4005 1231 4071; x_wconf 84' lang='lat' dir='ltr'>Caesaris</span> 
     </span>
     <span class='ocr_line' id='line_1_38' title="bbox 10 4096 1232 4196; baseline 0.005 -25"><span class='ocrx_word' id='word_1_327' title='bbox 10 4106 40 4195; x_wconf 42' lang='lat' dir='ltr'>ist</span> <span class='ocrx_word' id='word_1_328' title='bbox 133 4096 239 4164; x_wconf 58' lang='lat' dir='ltr'>carmine</span> <span class='ocrx_word' id='word_1_329' title='bbox 264 4130 281 4171; x_wconf 93' lang='lat' dir='ltr'>a</span> <span class='ocrx_word' id='word_1_330' title='bbox 306 4108 463 4196; x_wconf 82' lang='lat' dir='ltr'>Stephani</span> <span class='ocrx_word' id='word_1_331' title='bbox 494 4110 597 4176; x_wconf 89' lang='lat' dir='ltr'>amico</span> <span class='ocrx_word' id='word_1_332' title='bbox 628 4115 662 4175; x_wconf 82' lang='lat' dir='ltr'>tu</span> <span class='ocrx_word' id='word_1_333' title='bbox 691 4112 726 4174; x_wconf 81' lang='lat' dir='ltr'>in</span> <span class='ocrx_word' id='word_1_334' title='bbox 753 4113 884 4176; x_wconf 68' lang='lat' dir='ltr'>scammis</span> <span class='ocrx_word' id='word_1_335' title='bbox 912 4134 929 4176; x_wconf 87' lang='grc' dir='ltr'><em>ο</em></span> <span class='ocrx_word' id='word_1_336' title='bbox 958 4113 1107 4176; x_wconf 89' lang='lat' dir='ltr'>effectum</span> <span class='ocrx_word' id='word_1_337' title='bbox 1135 4115 1185 4176; x_wconf 89' lang='lat' dir='ltr'>est</span> <span class='ocrx_word' id='word_1_338' title='bbox 1215 4136 1232 4177; x_wconf 91' lang='lat' dir='ltr'>e</span> 
     </span>
     <span class='ocr_line' id='line_1_39' title="bbox 28 4182 1232 4303; baseline 0.004 -24.926"><span class='ocrx_word' id='word_1_339' title='bbox 28 4270 44 4301; x_wconf 66' lang='grc'><strong>,</strong></span> <span class='ocrx_word' id='word_1_340' title='bbox 135 4182 237 4270; x_wconf 66' lang='lat' dir='ltr'>parisini</span> <span class='ocrx_word' id='word_1_341' title='bbox 249 4217 395 4282; x_wconf 88' lang='lat' dir='ltr'>memoria</span> <span class='ocrx_word' id='word_1_342' title='bbox 409 4222 443 4283; x_wconf 86' lang='lat' dir='ltr'>tu</span> <span class='ocrx_word' id='word_1_343' title='bbox 456 4218 494 4297; x_wconf 56' lang='lat' dir='ltr'>ia,</span> <span class='ocrx_word' id='word_1_344' title='bbox 503 4218 676 4301; x_wconf 60' lang='lat' dir='ltr'>scammuse,</span> <span class='ocrx_word' id='word_1_345' title='bbox 692 4237 757 4281; x_wconf 92' lang='lat' dir='ltr'>non</span> <span class='ocrx_word' id='word_1_346' title='bbox 772 4222 822 4282; x_wconf 88' lang='lat' dir='ltr'>est</span> <span class='ocrx_word' id='word_1_347' title='bbox 837 4218 922 4302; x_wconf 88' lang='lat' dir='ltr'>quod</span> <span class='ocrx_word' id='word_1_348' title='bbox 937 4218 1062 4284; x_wconf 83' lang='lat' dir='ltr'>dicatur</span> <span class='ocrx_word' id='word_1_349' title='bbox 1075 4217 1232 4303; x_wconf 88' lang='lat' dir='ltr'>pluribus.</span> 
     </span>
    </p>
   </div>
   <div class='ocr_carea' id='block_1_3' title="bbox 0 0 1448 5040">
    <p class='ocr_par' dir='ltr' id='par_1_3' title="bbox 0 0 1448 5040">
     <span class='ocr_line' id='line_1_40' title="bbox 0 0 1448 5040; baseline 0 1"><span class='ocrx_word' id='word_1_350' title='bbox 0 0 1448 5040; x_wconf 95' lang='lat' dir='ltr'> </span> 
     </span>
    </p>
   </div>
  </div>
 </body>
</html>
