2888 5040
178 307 244 369 232
560 324 595 368 rx
619 323 726 369 virilu
751 323 918 369 rnausru

178 465 263 527 disse
292 472 326 527 ut
354 465 449 528 liuius
479 465 666 545 versiculos,
699 466 809 548 quales
838 466 947 547 paullo
975 470 1051 528 aute
1079 466 1227 548 integrus
1249 488 1414 554 [ιρις

178 572 360 653 scripserat,
383 572 493 653 putida
517 572 689 655 diligentia
713 595 824 636 omnes
848 573 995 636 iteraret:
1026 572 1128 635 inimo
1151 594 1408 653 consentu.

178 700 273 739 ueunr
301 684 351 740 est
378 678 412 741 in
440 678 487 740 eis
517 676 609 739 illum
638 677 825 740 substitisse
853 699 935 760 (pirae
964 676 1004 740 ad
1029 677 1137 760 ipsam
1160 700 1228 741 rein
1265 704 1402 767 lwet-

177 783 333 864 tinereut,
364 806 424 846 nee
456 791 524 845 tam
554 803 705 846 numeros
736 805 886 846 versuum
916 804 1014 866 quam
1044 783 1110 845 vim
1141 786 1396 861 sententiae

178 909 317 950 curasse.
363 886 450 951 Satis
474 889 574 972 igitur
597 893 666 951 erat
690 886 770 951 haec
793 889 996 972 apposuisse:
1018 909 1079 969 quo
1102 890 1204 969 inopis
1225 896 1391 960 oti-'ror

179 993 322 1057 llere-ium
346 996 474 1059 scrihere
497 994 611 1075 ‘Scipio
635 994 715 1057 nihil
732 996 863 1075 profuit,
887 994 967 1058 uiliil
990 994 1130 1075 Laelius,
1154 992 1236 1057 nihil
1277 999 1384 1063 Iu·

179 1103 264 1165 rius:
287 1123 388 1165 cortem
415 1102 466 1164 ille
488 1123 578 1182 opera
603 1122 640 1163 ne
661 1102 786 1164 dorruuu
809 1102 929 1181 quidda
952 1099 1059 1163 lechicit
1080 1101 1317 1166 conducticia
1325 1101 1376 1181 art

178 1229 253 1268 nain
278 1207 381 1287 Scipio
400 1229 516 1270 nomen
536 1207 618 1270 niliil
638 1207 852 1288 praecessisse
871 1206 1075 1270 consentiens
1093 1228 1155 1270 vox
1176 1205 1292 1271 codic
1305 1226 1368 1265 tin

178 1313 307 1393 evincit,
331 1334 347 1375 e
371 1314 488 1394 quibus
508 1336 590 1376 unus
609 1313 801 1396 lteginensis
821 1313 901 1378 iciliil
919 1313 1050 1377 Puhlius
1069 1312 1197 1376 addidit
1215 1334 1232 1376 e
1258 1314 1364 1377 low

179 1418 295 1499 priore,
319 1418 401 1499 quod
427 1424 501 1501 post
524 1419 660 1483 Aldinae
684 1420 879 1483 auctoritate
903 1419 1010 1483 haesit
1032 1419 1134 1482 etiam
1157 1417 1192 1481 in
1211 1406 1361 1481 editio

179 1522 273 1585 uibus
299 1524 353 1601 [ne
376 1524 411 1586 in
435 1523 611 1606 Reginensi
635 1524 764 1607 quidem
787 1524 847 1587 hoe
872 1523 1128 1589 additamentum
1151 1525 1214 1609 legi
1236 1522 1362 1590 nrJ¹¹⁰

179 1632 318 1691 testatur
338 1628 579 1693 ll'ilrnannsius.
599 1628 634 1693 C.
651 1629 725 1709 ll'.].
768 1628 830 1693 Sed
854 1630 974 1712 aliquid
995 1635 1104 1693 tamen
1124 1631 1158 1693 in
1181 1642 1309 1714 coqt1
1322 1599 1368 1709 ⁰‘l

180 1737 333 1816 proposui
356 1737 503 1818 exemplo
527 1736 702 1799 desiderari
726 1737 861 1799 senties:
894 1757 1050 1818 personae
1073 1736 1237 1817 iudicium,
1260 1719 1381 1809 ΟΨ,

179 1840 259 1903 nihil
290 1842 339 1903 vel
369 1842 487 1905 summi
515 1842 642 1922 patroni
673 1840 863 1923 proluerint.
908 1840 1022 1924 quue
1050 1842 1156 1924 ipsum
1184 1842 1256 1906 illud
1348 1820 1385 1867 ει

179 1949 318 2029 spectat,
347 1946 406 2010 hoc
439 1948 510 2010 loco
544 1952 664 2009 temere
700 1947 868 2028 omissum,
896 1948 929 2010 iu
957 1947 1097 2029 priorem
1126 1970 1164 2011 er
1191 1948 1247 2013 hoc
1264 1920 1410 2057 5¹³,

180 2051 282 2114 latuiu
306 2056 339 2114 ct
362 2057 418 2114 aut
441 2056 514 2134 post
538 2053 634 2132 scipio
657 2052 835 2134 repositum
859 2056 896 2115 ut
918 2052 950 2115 in
967 2057 1074 2115 vetere
1088 2052 1242 2137 Parisino,
1259 2026 1398 2117 νύ

181 2162 255 2220 aute
275 2179 307 2237 p.
330 2160 424 2239 scipio
447 2165 482 2221 ut
506 2158 537 2220 iu
562 2156 788 2239 Neapolitana.
830 2155 921 2231 Quod
945 2161 1059 2219 eontra
1082 2179 1099 2220 e
1121 2158 1226 2240 priore
1246 2133 1399 2222 10²⁶
1418 2220 1433 2260 3

181 2263 342 2346 posterior
366 2263 582 2345 interpolatus
607 2267 655 2325 est
678 2285 743 2326 nou
764 2266 891 2325 tantuin
911 2263 1159 2345 supervacaneis
1177 2226 1443 2365 versibsq,

181 2367 306 2431 duobus
330 2367 472 2450 adscitis,
496 2369 551 2432 sed
575 2391 685 2432 rursus
709 2370 737 2431 ci
760 2369 952 2451 pronomine
975 2369 1093 2433 inferto
1118 2370 1151 2434 in
1170 2356 1388 2454 proxin‘
1398 2330 1430 2381 ’ἓ

180 2473 262 2537 reiicit
288 2476 317 2537 ci
344 2474 433 2538 lolius
460 2474 540 2538 iiilril
560 2476 678 2553 surius,
711 2496 729 2536 a
760 2496 823 2556 qua
854 2474 1105 2556 interpolatione
1135 2475 1199 2539 soli
1229 2460 1395 2541 liud

182 2586 368 2643 manserunt
393 2586 527 2664 uterque
552 2579 717 2643 Parisinus
742 2602 814 2642 cum
838 2578 1022 2662 Reginensi.
1050 2616 1087 2625 -
1118 2558 1407 2667 Cdnsequef

183 2685 283 2767 igitur
310 2692 358 2749 cst
388 2708 425 2749 ex
449 2686 516 2769 his,
546 2692 582 2749 ut
605 2685 755 2749 inferiore
779 2686 850 2750 loeo
875 2686 922 2748 sic
946 2686 1114 2769 scripserit
1138 2685 1303 2753 Suetoniu
1443 2674 1444 2677 Ἴ

182 2790 284 2872 Scipio
307 2792 388 2855 rcihil
405 2795 433 2855 ci
446 2793 577 2874 profuit,
600 2792 681 2855 nihd
698 2792 834 2869 Iuctius,
858 2792 937 2855 nihil
950 2792 1079 2857 hierius.
1116 2792 1333 2879 Quamque

182 2897 304 2981 absque
325 2898 385 2961 tide
405 2898 562 2962 librorum
581 2902 675 2979 esset,
699 2898 806 2962 nescio
827 2920 868 2961 an
888 2898 986 2962 etiam
1006 2899 1111 2983 magis
1130 2899 1256 2981 placitu

182 3007 268 3066 esset
291 3003 370 3066 nihil
393 3006 421 3067 ei
443 3004 547 3085 Scipio
566 3006 688 3084 proficit
711 3026 737 3067 e.
761 3026 791 3087 q.
815 3026 839 3068 s,

270 3107 346 3189 Peg.
361 3108 457 3183 adul
480 3132 553 3173 cunr
566 3132 624 3190 per
643 3112 681 3174 id
698 3116 814 3191 tempus
833 3110 934 3174 edidit
947 3110 1087 3175 Wolfius
1106 3134 1166 3195 pro
1186 3136 1226 3180 eo
1245 3112 1373 3199 querc
1408 3094 1417 3101 ⁶

183 3214 215 3275 iu
249 3212 341 3276 libris
375 3220 425 3277 est
451 3236 510 3296 per
537 3217 616 3278 idcirc
645 3220 773 3296 tenipus,
805 3238 870 3279 non
897 3215 976 3280 feeit
1004 3215 1066 3281 hoc
1094 3220 1192 3283 metri
1216 3190 1442 3285 caussfl!

183 3319 268 3403 quod
292 3319 369 3382 dicit
392 3320 530 3384 ltothius
554 3344 583 3404 p.
611 3322 672 3384 179
701 3320 799 3403 (nihil
824 3321 965 3385 enimin
990 3326 1093 3387 metro
1117 3320 1334 3403 offensionis),
1411 3326 1434 3347 ⁴

184 3424 239 3487 sed
263 3425 350 3507 ipsas
375 3427 539 3510 cogitandi
563 3427 651 3510 leges
677 3434 815 3490 secutus.
850 3426 963 3510 Neque
987 3429 1073 3493 eninr
1096 3429 1130 3493 id
1151 3432 1274 3515 agitur,
1294 3434 1325 3495 ut

183 3532 269 3594 inter
292 3552 326 3595 se
350 3532 500 3614 aequa-les
525 3536 632 3597 aetate
654 3532 754 3595 fuisse
778 3521 976 3616 Scipionem,
1005 3534 1169 3617 Laelium,
1198 3535 1325 3602 Furium

183 3636 348 3720 doceatur,
381 3639 436 3701 sed
465 3643 501 3703 ut
528 3639 677 3723 aequales
706 3639 861 3703 Terentii:
898 3640 980 3703 unde
1011 3640 1092 3705 illud
1123 3665 1184 3708 sua
1215 3648 1325 3729 sponte

183 3744 427 3807 consectarium.
443 3781 483 3789 -
501 3744 589 3819 Quae
613 3744 827 3826 insequuntur
850 3746 905 3824 qui
926 3745 1086 3822 opitohant
1106 3748 1272 3827 facillume
1291 3774 1328 3819 na

184 3848 234 3911 cui
258 3870 365 3911 morae
390 3849 468 3931 sint,
498 3872 580 3912 unus
609 3870 722 3912 cavere
751 3854 942 3931 personatus
967 3850 1127 3917 Asconius
1151 3855 1278 3936 poterit
1298 3857 1329 3925 in

184 3952 248 4017 Cic.
272 3952 504 4019 divinationem
527 3959 547 4035 ἓ
571 3957 591 4019 8
616 3978 644 4038 p.
671 3954 733 4017 102
756 3953 810 4017 Or.
833 3955 879 4018 sie
903 3959 1154 4020 commentatus:
1184 3956 1331 4042 ‘difficul-

136 4078 175 4117 cu
191 4065 282 4122 loton
310 4062 395 4123 enirn
423 4066 648 4144 paupertatem
682 4060 854 4143 siguificat.
899 4060 1069 4125 Terentius
1102 4084 1120 4125 u
1152 4042 1333 4134 condedo:

184 4187 277 4246 picam
303 4187 355 4229 uos
375 4167 524 4245 lucidiore
546 4165 664 4249 (rpitis',
696 4187 779 4249 quae
810 4166 916 4232 verba,
931 4170 1008 4230 suut
1031 4166 1174 4250 Adelph.
1197 4192 1227 4233 v.
1252 4172 1334 4239 501:

186 4276 334 4355 recteque
363 4271 423 4337 liae
450 4295 551 4357 genus
580 4273 731 4357 loquendi
759 4274 823 4336 iam
847 4272 1011 4337 Adrianus
1034 4271 1207 4339 Turnebus
1233 4278 1336 4361 expli-

187 4377 270 4440 cavit
296 4377 464 4442 ildversar.
490 4398 546 4461 xx,
569 4380 621 4443 33.
