2924 5046
191 318 256 382 238
581 337 617 383 in
641 337 751 384 vrran
774 337 942 384 nannum

191 478 255 542 589
280 481 354 541 acta
376 481 427 541 est
450 477 499 541 rel
524 478 641 542 saltem
664 478 718 562 agi
741 482 866 562 coepta,
889 480 1036 563 profecto
1059 503 1126 546 non
1149 487 1202 547 est
1223 485 1332 568 quinte

191 606 211 646 a
237 589 335 666 poeta
362 583 463 665 facta,
491 583 546 647 sed
575 584 722 648 secunda.
768 582 1029 650 Consentaneum
1059 592 1110 652 est
1131 589 1235 674 igitur
1256 591 1332 654 nihi

191 689 229 753 de
258 689 386 753 actione
413 690 469 754 illa
496 691 601 772 prima
624 690 653 754 ei
677 690 823 775 quisquis
846 691 909 755 fuit
932 693 1128 776 innotuisse,
1158 696 1215 779 qui
1237 696 1332 761 lacta·

190 818 261 859 rum
285 796 429 860 ordinem
453 797 486 860 in
510 796 668 861 Bembino
692 797 856 879 proditum
879 798 1033 863 instituit.
1070 798 1241 886 Similique
1263 824 1332 867 con·

190 903 315 968 dicione
338 903 505 967 Volcatius
529 925 605 967 usus
629 908 663 967 et
684 903 824 986 primam
847 907 880 967 et
903 904 1036 969 tertiam
1059 905 1246 990 ignorabat.

279 1009 383 1085 Quam
412 1014 519 1073 autem
550 1009 708 1073 concinna
729 1009 888 1074 brevitate
912 1011 946 1073 in
969 1009 1053 1074 libro
1077 1009 1126 1075 ‘de
1143 1012 1255 1093 poetis)
1278 1036 1332 1080 suc

190 1113 264 1199 (nec
288 1117 373 1180 enim
396 1115 435 1179 de
459 1115 524 1179 elio
548 1114 771 1200 cogitandum)
790 1116 959 1181 Volcatius
979 1114 1145 1202 Sedigitas
1166 1121 1332 1184 materiam

70 1244 72 1248 ·
191 1221 282 1285 illam
309 1242 450 1303 ornnem,
478 1243 560 1303 quae
587 1220 628 1284 ad
650 1226 821 1303 poetarum
844 1222 984 1286 atritas
1007 1227 1041 1286 et
1064 1224 1189 1307 scripta
1211 1231 1332 1308 specta·

193 1330 256 1410 bat,
280 1327 463 1409 complexus
487 1325 539 1407 sit,
562 1348 635 1390 oum
658 1327 730 1410 ipsa
752 1328 791 1391 de
810 1327 939 1412 Hecyra
961 1329 1120 1394 memoria
1137 1330 1198 1394 illa
1216 1331 1332 1397 indicit

191 1438 253 1516 cst,
285 1438 354 1497 tum
383 1433 411 1495 ei
440 1432 494 1515 qui
519 1433 557 1496 de
587 1437 690 1496 morte
713 1432 858 1498 Terentii
887 1439 953 1497 tres
982 1436 1101 1499 senarii
1129 1435 1217 1501 infra
1238 1438 1332 1520 posit:

191 1545 309 1605 sunta
333 1539 498 1621 Suetonio,
522 1543 591 1603 tum
614 1540 711 1624 longe
735 1540 992 1605 luculentissimo
1016 1540 1211 1607 documento
1234 1543 1332 1608 trede.

190 1647 252 1711 cim
281 1645 400 1710 senarii
427 1645 478 1708 illi
506 1651 635 1709 exstant
665 1668 685 1710 a
708 1644 813 1711 Gellio
837 1646 956 1728 proditi
980 1628 1087 1730 capit'e
1110 1649 1154 1712 24
1177 1648 1255 1714 libri
1279 1668 1332 1713 xv·

189 1753 306 1837 quibus
329 1751 512 1817 comoediae
536 1752 690 1834 palliatae
712 1752 818 1835 poetis
842 1774 935 1816 suum
954 1752 1091 1836 singulis
1110 1754 1253 1838 pretium
1273 1760 1332 1820 sta.

188 1859 299 1924 tuitur.
344 1858 436 1923 Vnde
465 1880 598 1941 prorsus
626 1858 795 1942 probabile
823 1859 861 1923 fit
888 1860 920 1924 in
945 1860 1114 1924 tractando
1142 1866 1332 1946 argumenta

189 1965 368 2050 Sedigitum
400 1964 432 2027 id
465 1964 592 2029 consilii
624 1967 769 2028 secutum
797 1986 867 2028 esse
897 1969 934 2028 ut
962 1965 1091 2029 omissis
1121 1968 1332 2032 ratiocinanel

135 2079 176 2119 ⁶⁰²
190 2070 453 2154 disceptandique
477 2070 668 2154 ambagibus
692 2071 841 2135 omnibus
865 2070 970 2153 ipsam
994 2070 1042 2133 rei
1062 2093 1234 2156 summam,
1257 2094 1332 2157 qna.

188 2176 253 2240 lem
281 2176 390 2240 animo
418 2197 475 2239 suo
503 2173 764 2259 informasset*),
797 2174 988 2239 brevissimo
1019 2198 1052 2239 1n
1079 2184 1253 2262 conspeetu
1276 2201 1332 2263 po·

189 2287 289 2346 neret.
335 2281 418 2345 Hinc
446 2281 546 2366 igitur
573 2287 660 2345 recte
688 2281 869 2346 existimari
897 2281 936 2345 de
958 2281 1024 2345 illis
1048 2284 1171 2365 poterit
1195 2307 1277 2369 quae
1299 2288 1332 2351 i·

188 2387 280 2452 libris
308 2389 353 2451 sic
381 2387 502 2470 scripta
530 2392 618 2452 sunt:
649 2389 794 2470 praemitis
821 2388 977 2453 Volcatius
998 2390 1035 2452 dc
1056 2392 1313 2456 enumeratioa

188 2496 326 2559 maniam
352 2497 398 2559 ito
424 2493 549 2577 sochot,
575 2494 639 2558 nisi
670 2494 754 2579 quod
781 2496 1028 2559 dcnsmeratiorw
1051 2499 1144 2560 vetus
1168 2496 1320 2563 Parisinn:

188 2600 327 2665 exhibet.
378 2601 467 2677 Quae
499 2601 598 2665 rerba
631 2601 762 2665 omnino
794 2601 941 2685 intellegi
974 2601 1070 2665 aliter
1101 2623 1166 2667 non
1196 2624 1332 2686 possunr

187 2707 249 2771 nisi
273 2712 310 2772 ut
332 2707 440 2792 aliquo
464 2708 569 2792 capite
592 2707 666 2772 libri
689 2707 740 2772 sui
763 2704 926 2791 Sedigitas
949 2711 1083 2790 putetur
1106 2708 1217 2772 dedita
1234 2731 1332 2793 opera

188 2814 265 2877 illud
296 2813 508 2898 disceptasse,
540 2835 603 2898 quo
631 2812 743 2878 ordine
771 2812 918 2897 singulae
945 2812 1090 2876 Terentii
1116 2813 1249 2880 fabulae
1275 2836 1332 2880 nna

188 2919 359 2984 merendae
386 2920 437 2984 vel
466 2920 700 2985 enumerandae
728 2924 838 2983 essent
864 2918 895 2982 h.
924 2940 950 2982 e.
978 2939 1042 3001 quo
1070 2940 1105 2982 se
1128 2919 1242 2985 ordine
1265 2921 1332 2986 siv·

188 3030 280 3090 actae
304 3026 371 3100 sira
393 3026 498 3090 factae
518 3025 729 3108 excepissent.
765 3024 802 3088 Id
822 3029 931 3089 autem
949 3024 1110 3089 neminem
1129 3025 1218 3110 fugit
1236 3047 1332 3110 quam

188 3132 229 3196 ab
253 3153 290 3195 eo
315 3131 448 3196 consilio
473 3128 622 3215 Sedigiti,
645 3131 740 3215 quale
763 3136 860 3195 antea
881 3129 1124 3213 descripsimus,
1148 3130 1332 3197 abhorres!

187 3236 400 3301 Enumeravit
435 3237 461 3302 is
497 3236 580 3320 ipse,
615 3258 680 3300 non
718 3238 785 3321 egit
822 3236 861 3300 de
894 3235 1150 3301 enumeratione:
1188 3259 1266 3303 nam
1295 3237 1332 3304 d!

187 3345 398 3407 numeratione
426 3343 477 3407 rel
505 3348 677 3427 propterea
705 3342 920 3408 reiectaneum
944 3347 995 3406 est
1019 3341 1103 3425 quod
1128 3341 1332 3423 ‘nummatior

186 3447 268 3514 nem'
299 3471 365 3514 non
394 3451 541 3514 novimus
574 3450 672 3514 aliam
704 3449 824 3514 dictam
854 3448 916 3512 nisi
945 3447 1140 3512 solutionem
1167 3449 1332 3532 pecuniae

187 3556 276 3641 Ergo
300 3556 384 3641 quod
408 3557 601 3640 requirimus
624 3578 690 3620 non
713 3561 763 3621 est
786 3558 826 3620 dc
845 3556 1097 3637 enumeratione,
1120 3554 1177 3618 sed
1196 3557 1238 3620 ia
1256 3573 1332 3620 emt

187 3663 364 3727 meratione
391 3662 509 3745 potius.
559 3662 629 3738 Quo
656 3665 765 3726 tamen
796 3661 858 3726 etsi
882 3661 961 3725 satis
984 3661 1021 3724 fit
1044 3660 1235 3745 sententiae,
1266 3682 1332 3727 nor·

257 3871 282 3939 *l
302 3871 444 3938 Quaedam
464 3875 558 3927 autem
577 3870 646 3926 satis
664 3871 743 3925 illum
763 3869 930 3924 mirabiliter
948 3868 1002 3923 sibi
1019 3867 1186 3924 informasse
1203 3869 1268 3940 ipss
1279 3864 1332 3924 illl

187 3978 305 4015 censura
322 3966 468 4030 poctarum
486 3962 576 4030 docet,
596 3962 625 4015 in
640 3977 696 4030 qua
710 3959 883 4031 expedienda
895 3958 1126 4026 defendendaque
1141 3973 1257 4028 operam
1269 3972 1329 4028 per

186 4048 288 4104 didisse
308 4049 497 4120 Ladewigium
516 4054 592 4120 puto.
611 4081 646 4090 —
664 4049 794 4104 Ceterum
812 4065 939 4103 versuum
954 4046 1068 4101 illorum
1082 4045 1234 4114 septimum
1247 4045 1332 4101 vebo

186 4140 293 4192 menter
315 4139 418 4193 suadeo
441 4139 474 4191 ut
495 4137 625 4191 desinant
646 4136 733 4190 talem
758 4135 888 4191 exhibere
911 4135 986 4188 Dein
1003 4134 1144 4202 Naeuius,
1167 4137 1218 4203 qui
1234 4135 1332 4202 farsa

81 4232 85 4239 '
182 4227 272 4293 pretio
291 4227 322 4280 in
341 4227 457 4280 tertiost:
475 4231 530 4295 quo
549 4225 634 4279 etiam
653 4225 733 4294 peius
752 4224 801 4277 alii
820 4226 869 4292 qui
886 4224 968 4290 terret
983 4223 1105 4291 pretium
1119 4224 1237 4277 tertiam.
1266 4222 1332 4276 Vr!

186 4330 230 4366 mc
250 4313 340 4365 indice
359 4313 504 4380 probanda
522 4314 592 4368 hacc
612 4331 704 4366 versus
724 4313 825 4367 forma:
853 4312 926 4365 Dela
944 4312 1080 4379 Naeuius,
1098 4311 1149 4380 qui
1164 4314 1252 4364 meat
1265 4324 1332 4378 pr-

186 4403 263 4469 timn,
282 4402 397 4455 tertiaret.
