2924 5046
503 121 581 168 srva
605 121 855 168 nnanounnvn
878 123 979 169 iasar.
1247 107 1312 170 513

140 263 376 330 Varroniana
407 262 552 327 conclusi
585 267 710 347 septem
742 263 912 328 architecti
944 262 1152 345 Daedalus,
1183 263 1312 342 Philo,

128 368 436 453 Archimedes,
458 368 713 453 Menecrates,
736 366 986 452 Chersiphro,
1010 369 1171 451 latinus,
1194 368 1313 435 Dino·

128 475 330 543 chares?
370 475 398 541 Ε
432 477 549 560 quibus
581 480 734 561 quattuor
766 477 864 541 etiam
890 476 1016 539 Plinius
1048 480 1085 539 ut
1116 476 1313 541 clarissimos

127 583 314 650 omnium
343 605 416 647 cum
448 583 562 667 quinto
591 580 750 666 Ctesibio,
781 582 837 646 sed
870 583 924 665 qui
953 583 1173 647 mechanicam
1205 583 1313 666 potius

125 688 413 773 inlustraverit,
445 688 618 774 insignivit
644 688 700 753 lib.
729 687 791 752 Vll
819 696 839 768 ξ
865 689 941 752 125:
973 688 1112 771 ‘grande
1140 692 1172 753 et
1199 689 1314 753 Archi·

125 797 252 863 medi
293 796 508 881 geometricae
540 817 578 859 ac
610 794 801 858 machinalis
836 794 988 858 scientiae
1021 795 1242 860 testimonium
1268 784 1313 858 M.

124 902 319 969 Marcelli
342 901 510 984 contigit.
534 951 541 965 .
565 951 572 964 .
595 925 615 983 ‚3
639 901 787 966 laudatus
811 904 862 965 est
885 905 919 986 et
939 899 1159 983 Chersiphron
1178 899 1313 965 Cnosius

128 1009 244 1074 aede
279 1006 406 1090 Ephesi
438 1006 563 1071 Dianae
596 1008 779 1072 admirabili
815 1007 987 1089 fabricata,
1024 1007 1142 1071 Philon
1175 1007 1313 1071 Athenis

128 1113 423 1180 armamentario
446 1113 535 1177 mille
558 1114 702 1197 navium,
726 1112 888 1178 Ctesibius
911 1112 1115 1197 pneumatica
1133 1113 1258 1177 ratione
1281 1117 1315 1176 et

127 1219 371 1304 hydraulicis
395 1221 527 1303 organis
556 1221 706 1303 repertis,
734 1218 936 1285 Dinochares
966 1224 1106 1284 metatus
1129 1219 1312 1284 Alexandro

133 1327 324 1392 condenti
345 1325 380 1389 in
403 1325 557 1409 Aegypto
580 1325 833 1391 Alexandriam?

257 1430 382 1496 Verum
405 1455 446 1496 ne
470 1433 516 1496 sic
543 1432 672 1516 quidem
695 1434 923 1498 concinnitatis
947 1433 1054 1498 studio
1078 1432 1158 1496 satis
1183 1431 1314 1495 factum.

127 1535 254 1604 Nam
274 1542 313 1602 ut
330 1537 379 1602 illi
399 1536 514 1602 Graeci
534 1541 610 1602 sunt
628 1560 750 1616 omnes,
769 1539 817 1602 ita
836 1540 934 1603 etiam
954 1538 1035 1602 alibi
1053 1561 1119 1602 non
1138 1538 1316 1620 miscuisse,

132 1647 221 1711 sed
243 1644 437 1709 discrevisse
457 1642 598 1708 Graecos
611 1643 840 1727 Romanosque
860 1644 1006 1709 homines
1022 1643 1126 1708 Varro
1145 1643 1315 1708 videbitur.

131 1747 254 1816 Nam
285 1751 412 1833 patriae
440 1749 570 1834 quidem
593 1751 722 1815 virtutis
748 1750 817 1815 laus
842 1773 879 1814 ac
908 1750 1015 1833 gloria
1042 1771 1138 1833 quam
1162 1749 1258 1833 longe
1281 1749 1315 1813 in

132 1854 380 1941 Imaginibus
416 1855 570 1939 patuerit,
607 1856 770 1920 luculento
807 1856 995 1920 testimonio
1029 1853 1241 1936 Symmachus
1278 1876 1316 1919 ea

135 1963 315 2049 epistula
338 1960 441 2044 docet,
463 1983 545 2046 quae
568 1962 602 2026 in
625 1962 729 2026 lucem
752 1965 919 2045 protracta
942 1984 961 2025 a
980 1961 1142 2025 Ludovico
1161 1960 1315 2026 Carrione

133 2068 344 2137 Emendat.
372 2066 420 2150 ll,
446 2069 500 2150 14,
532 2091 552 2132 a
584 2065 731 2150 Gaspare
764 2073 872 2133 autem
905 2066 1057 2151 Scioppio
1090 2089 1107 2131 e
1139 2068 1224 2133 libro
1257 2091 1316 2133 ms.

136 2177 318 2243 correcta
348 2170 525 2238 Verisimil.
557 2173 589 2257 I,
617 2175 635 2237 7
641 2224 651 2258 ,
685 2196 772 2239 nunc
804 2177 920 2258 quarta
952 2174 1071 2259 legitur
1102 2174 1178 2238 libri
1209 2175 1316 2258 primi.

140 2283 232 2350 Vbi
275 2279 318 2344 ad
353 2283 480 2363 patrem
516 2275 596 2363 (non
629 2279 670 2344 ad
703 2280 883 2345 Ausonium
916 2281 1197 2365 Burdigalensem,
1234 2303 1315 2363 quae

138 2386 310 2455 Mercari
332 2369 518 2456 coniectura
539 2384 602 2448 fuit
624 2385 659 2449 in
680 2386 824 2453 Nonium
847 2409 876 2469 p.
893 2386 971 2471 775)
994 2387 1074 2450 haec
1097 2386 1212 2450 scribit
1234 2408 1315 2470 quae

146 2495 255 2560 infra
272 2492 456 2577 posuimus:
480 2487 646 2556 ‘Studium
665 2494 792 2577 quidem
812 2492 976 2575 Menippei
991 2491 1148 2555 Varronis
1168 2491 1317 2577 imitaris,

156 2601 224 2666 sed
245 2598 351 2663 vincis
369 2598 544 2683 ingenium.
573 2620 648 2663 nam
672 2621 751 2681 quae
770 2600 804 2663 in
822 2602 987 2663 nostrates
1006 2597 1092 2660 viros
1111 2619 1195 2661 nunc
1213 2619 1316 2681 nuper

159 2706 284 2772 condis
317 2704 565 2789 epigrammata,
603 2709 681 2787 puto
718 2705 943 2769 hebdomadon
976 2703 1092 2786 elogiis
1127 2703 1316 2786 praenitere,

167 2811 257 2896 quod
282 2832 384 2894 aeque
407 2810 531 2892 sobria,
552 2831 612 2873 nec
635 2815 744 2874 tamen
768 2833 861 2874 casca
881 2815 965 2874 sunt.
997 2809 1054 2873 illa
1077 2808 1163 2873 bono
1183 2809 1315 2874 metallo

169 2940 249 2982 cusa
281 2920 378 2981 torno
406 2916 493 2999 exigi
521 2915 718 2979 nescierunt:
750 2915 830 2979 baec
854 2916 1014 2981 duriorem
1037 2916 1102 2979 nisi
1125 2915 1221 2979 fallor
1248 2937 1315 2979 ma·

171 3025 287 3089 teriam
311 2996 531 3104 admittent.*)
567 3021 622 3085 ille
644 3021 866 3106 Pythagoram
895 3022 948 3105 qui
972 3023 1098 3086 animas
1122 3021 1156 3085 in
1180 3020 1369 3086 aeterni-vn

173 3133 276 3194 tatem
300 3129 423 3213 primus
442 3128 593 3212 asseruit,
616 3128 670 3192 ille
690 3126 860 3192 Platonem
880 3129 935 3213 qui
955 3129 1031 3192 deos
1050 3150 1121 3192 esse
1145 3127 1315 3210 persuasit,

172 3235 226 3299 ille
246 3234 458 3299 Aristotelem
482 3235 537 3318 qui
555 3239 706 3298 naturam
730 3234 811 3297 bene
829 3233 981 3317 loquendi
1005 3234 1160 3298 inertem
1181 3232 1315 3317 redegit,

175 3406 385 3414 --,-----

242 3497 268 3561 *)
288 3496 428 3566 Vulgatnr
452 3496 543 3566 ‘quod
562 3497 627 3550 tace
645 3512 733 3564 aeque
752 3496 857 3563 sobria,
880 3513 931 3550 neo
956 3498 1049 3550 tamen
1068 3512 1149 3550 casca
1171 3497 1241 3549 sunt.
1265 3493 1316 3548 illa

169 3585 245 3638 bono
264 3584 381 3638 metallo
400 3602 466 3640 cusa
484 3588 566 3639 torno
587 3583 661 3654 exigi
678 3584 840 3638 nescierunt
858 3590 882 3638 et
901 3585 1040 3639 duriorem
1059 3583 1112 3638 nisi
1129 3584 1214 3638 fallor
1227 3584 1315 3636 mate-

171 3671 243 3727 riem
257 3673 412 3727 adniteris’.
426 3673 513 3738 'Quod
527 3673 566 3728 sic
580 3672 681 3727 saltem
696 3671 843 3726 dicendum
859 3673 963 3727 fuerat:
980 3672 1066 3726 ‘illa.
1083 3714 1089 3726 .
1105 3714 1111 3725 .
1126 3716 1131 3727 .
1147 3671 1315 3726 nescierunt:

170 3769 203 3815 tu
225 3761 366 3817 duriorem
389 3760 444 3815 nisi
466 3762 551 3817 fallor
572 3761 717 3816 materiem
743 3761 908 3816 adniteris':
932 3778 1101 3829 quamquam
1125 3761 1170 3815 vel
1189 3760 1242 3813 hoc
1260 3776 1315 3813 non

169 3867 229 3904 una
242 3850 277 3904 de
293 3866 390 3904 caussa
404 3849 543 3920 displicet.
571 3851 630 3905 Nos
644 3851 680 3905 ab
694 3868 727 3905 eo
747 3850 867 3920 profecti
882 3867 975 3904 sumus
989 3849 1062 3917 quod
1076 3851 1140 3903 ante
1156 3847 1316 3916 Scioppium

168 3938 317 3993 edebatur:
343 3938 389 3992 ‘et
411 3938 552 3993 dunorem
569 3939 624 3993 nisi
647 3939 731 3994 fallor
748 3938 894 3994 materiem
917 3937 1126 3992 admittere'.
1158 3937 1218 3990 Hoc
1241 3934 1315 3989 enim

169 4026 227 4081 sibi
247 4026 311 4081 vult
337 4026 456 4096 scriptor
483 4027 608 4081 modesto
636 4026 766 4081 nimirum
794 4026 934 4081 acumine:
963 4026 1103 4095 splendori
1125 4021 1315 4079 varronianae

168 4113 274 4169 aetatis
301 4131 356 4169 non
382 4130 480 4183 parem
504 4130 563 4169 esse
589 4115 731 4169 rudiorem
754 4118 843 4169 artem
866 4113 1012 4181 Varronis,
1040 4111 1146 4167 maiore
1173 4109 1316 4181 elegantia

169 4201 451 4272 Symmachianorum
464 4202 620 4272 alogiorum
630 4203 804 4272 compensari
817 4205 976 4271 temporum
991 4216 1103 4253 suorum
1117 4199 1314 4254 humilitatem.

226 4312 267 4346 re.
287 4311 435 4347 mrscnsnn
455 4310 588 4346 oevscvna
611 4313 651 4345 111.
1069 4296 1102 4341 33
