2924 5046
184 300 250 364 216
573 317 610 363 ru
633 315 741 362 mrsu
765 314 931 362 raannru

185 462 254 523 tate
281 480 414 542 prorsus
443 457 589 542 amabili,
623 459 750 541 copiam
778 457 857 521 mihi
886 457 1007 521 faceret
1036 457 1263 540 exoptatissim

186 565 247 629 etsi
271 565 309 628 de
328 566 424 630 rebus
442 565 606 648 plerisque
625 565 704 628 satis
725 564 809 628 inter
823 561 1029 646 Schopenum
1043 561 1263 628 Hunaikerum

186 673 356 736 convenire
380 673 528 756 cognovi,
551 675 660 736 tamen
680 670 837 754 quaedam
857 669 1058 736 offendebam
1077 669 1217 736 molesto
1241 675 1263 734 s

186 779 368 842 moniorum
397 778 531 842 discidio
561 781 629 840 tam
658 777 811 861 ambigua
839 781 876 841 ut
903 798 967 840 non
998 776 1204 840 mediocriter
1227 776 1263 841 he

186 888 298 948 terem.
344 883 414 949 Hos
442 884 544 968 igitur
572 882 742 966 scrupulos
769 887 805 946 ut
832 881 871 945 de
899 882 1004 946 medio
1033 904 1145 947 omnes
1173 881 1263 946 tolle]

133 1006 173 1045 482
188 990 227 1054 de
257 990 393 1074 singulis
424 989 652 1072 discrepantiis
684 988 761 1072 quid
790 989 922 1053 tandem
952 989 998 1053 rei
1027 992 1113 1053 esset
1141 987 1263 1072 quaesi*

186 1097 256 1161 viro
280 1096 560 1180 praestantissimo
581 1093 699 1161 Carolo
719 1094 894 1160 Benedicto
913 1094 1031 1159 Hosio:
1055 1096 1144 1160 cuius
1169 1095 1263 1158 incon

187 1203 283 1269 rabili
305 1202 507 1266 humanitate
535 1206 604 1266 tam
633 1205 666 1265 et
693 1205 843 1285 prompte
872 1205 904 1265 et
931 1201 1025 1285 plene
1054 1222 1248 1284 responsum

187 1316 224 1374 ut
252 1311 318 1374 iam
349 1315 516 1392 tamquam
548 1330 623 1381 cum
650 1307 830 1392 pulvisculo
860 1307 1034 1372 exhaustus
1063 1330 1132 1372 esse
1161 1329 1237 1372 cum

188 1438 302 1481 saurus
333 1415 389 1478 ille
418 1413 576 1479 bonitatis
599 1411 764 1477 Parisinus
788 1414 820 1477 A
850 1418 919 1477 turn
951 1412 1050 1497 longo
1083 1413 1124 1477 ab
1154 1413 1213 1478 illo
1238 1412 1263 1476 ir

188 1522 275 1586 vallo
303 1521 427 1585 distans
455 1520 490 1584 B
516 1520 617 1584 rideri
646 1520 770 1584 debeat.
822 1517 917 1600 [Cum
946 1519 1048 1583 nihilo
1079 1519 1181 1584 setius
1209 1519 1263 1583 alie

188 1627 267 1691 locis
296 1629 437 1691 erratum
467 1648 537 1691 esse
565 1625 598 1689 in
627 1624 798 1688 afferendis
827 1624 971 1689 codicum
996 1625 1027 1688 A
1051 1628 1084 1688 et
1106 1624 1141 1688 B
1165 1625 1263 1708 script

188 1732 391 1798 Froehnerus
410 1733 444 1796 in
458 1731 577 1796 Philol.
587 1749 662 1795 xv11
682 1754 713 1814 p.
727 1730 790 1794 357
803 1754 849 1815 sq.
869 1730 1096 1812 contendisset,
1115 1753 1135 1794 a
1153 1729 1263 1795 Ritscl

189 1846 323 1925 rogatus
348 1838 512 1903 Gustavus
532 1836 719 1920 Meynclrius
744 1840 914 1926 utrumque
938 1836 1081 1900 codicem
1106 1838 1240 1922 egregia

189 1945 348 2010 industria
376 1945 547 2028 descripsit
579 1944 647 2007 siue
676 1943 822 2026 depinxit
845 1946 942 2025 atque
967 1942 1064 2026 longe
1088 1945 1263 2009 accuratim

189 2052 371 2135 ubicunque
394 2050 564 2135 scrupulus
588 2050 686 2114 etiam
709 2050 829 2114 resedit
851 2049 970 2112 iterum
993 2048 1175 2133 iterumque
1199 2051 1241 2115 ad

191 2156 346 2222 schelium
369 2158 506 2240 rettulit,
536 2158 584 2220 ita
607 2160 643 2220 ut
665 2179 750 2220 nune
779 2178 856 2220 sane
884 2176 1004 2239 magna
1036 2177 1108 2220 cum
1141 2155 1263 2221 confide

192 2263 347 2327 affirmari
371 2264 475 2346 possit
498 2263 607 2328 omnia
631 2263 670 2326 ad
694 2263 849 2326 amussim
874 2284 944 2326 esse
969 2266 1090 2326 exacta.
1127 2261 1161 2327 0.
1177 2262 1245 2343 W.]

281 2384 530 2451 Cheidensis
554 2387 789 2469 membraneus,
812 2386 1039 2452 inVossianis
1067 2387 1141 2452 186:
1166 2389 1222 2472 qui
1247 2388 1263 2452 d

192 2497 282 2557 tatur
305 2516 382 2557 num
406 2492 491 2558 forte
515 2493 636 2557 saeculi
650 2511 712 2557 xlv
736 2494 787 2558 sit.
825 2492 862 2557 ln
885 2492 983 2558 ltalia
1005 2494 1162 2576 scriptum
1187 2516 1259 2559 esse

193 2600 352 2683 scriptura
375 2622 434 2683 pro
457 2605 519 2664 octo
542 2624 572 2684 p.
596 2600 671 2683 211,
696 2599 737 2663 10
764 2598 882 2663 indicio
910 2603 967 2663 est.
1012 2598 1108 2663 Hunc
1135 2599 1237 2665 habui

194 2705 273 2770 mihi
306 2706 470 2770 conlatum
503 2706 544 2770 ab
572 2705 720 2790 Eugenio
743 2705 888 2770 Mehlero
923 2711 991 2769 tum
1024 2730 1043 2769 a
1071 2705 1241 2790 Schopeno

195 2813 323 2893 [Denuo
348 2836 421 2878 eum
445 2814 515 2896 ipse
539 2812 735 2877 Ritschelius
759 2813 909 2876 excussit.
954 2810 988 2876 C.
1006 2812 1069 2892 W.]

282 2936 317 3002 D
348 2936 580 3002 Dresdensis
612 2934 733 3000 ‘Eleot
757 2933 847 3017 539b,
870 2935 948 3019 lteg.
972 2935 1011 2999 D.
1038 2936 1126 3019 1323
1158 2938 1263 3021 partit

194 3044 391 3108 membranis
422 3043 541 3127 partim
576 3043 610 3106 in
641 3042 763 3109 chartis
795 3043 944 3125 scriptus
999 3041 1169 3125 Schopeno
1199 3043 1263 3110 loa:

197 3149 362 3215 Vahlenus
382 3150 520 3215 contulit
539 3149 731 3231 [Ritschelio
752 3149 855 3213 multo
871 3149 1052 3213 accuratius
1067 3148 1228 3215 Aemilius
1243 3151 1263 3216 I*

197 3279 335 3322 mannus
360 3263 393 3322 et
415 3257 596 3323 Ludovicus
620 3256 758 3339 leepius.
804 3254 839 3321 (l.
854 3254 929 3336 W.].

283 3381 318 3444 E
338 3386 372 3445 et
393 3382 429 3446 F
447 3380 618 3446 Vaticanis
641 3379 864 3460 membraneis,
887 3379 943 3443 illo
970 3376 1146 3442 Vrbinati
1171 3381 1253 3464 354,

195 3485 367 3570 Reginae
389 3487 488 3571 1492,
511 3487 559 3550 uti
583 3486 673 3570 potui
699 3485 740 3549 ab
764 3485 886 3550 Ottone
910 3484 1087 3548 ltibbeclrio
1113 3485 1246 3566 [iterum

196 3592 386 3677 gentissime
410 3592 451 3655 ab
475 3592 625 3677 Augusto
650 3591 867 3656 Wilmannsio
892 3590 925 3655 Ο.
942 3591 1006 3672 W.]
1032 3591 1180 3656 conlatis.

285 3716 642 3799 &Neapolitanum
665 3716 768 3780 musei
793 3715 967 3779 Borbonici
991 3716 1054 3779 411
1080 3716 1158 3780 item
1176 3740 1263 3799 ,mern

195 3845 291 3887 neum
314 3826 450 3907 rogatus
479 3847 499 3888 a
522 3846 572 3887 me
596 3822 757 3908 Georgius
782 3822 879 3886 Thilo
904 3823 1064 3905 excerpsit
1087 3825 1203 3906 [nuper
1226 3823 1263 3889 Ηι

197 3952 253 3994 cus
276 3929 414 3995 Motaius
438 3930 586 3995 contulit.
632 3929 666 3995 C.
681 3929 756 4010 W.].

287 4069 430 4155 Accedit,
445 4071 500 4135 sed
515 4074 643 4135 tantum
657 4071 692 4135 in
706 4070 828 4135 Donati
844 4072 987 4135 auctario
1013 4071 1058 4156 (p.
1073 4070 1152 4154 214)
1176 4071 1263 4159 inspe

199 4200 218 4241 a
255 4175 399 4262 Caspare
436 4177 572 4243 Barthio
610 4177 877 4241 Adversariorum
915 4176 970 4239 lib.
995 4195 1030 4239 lv
1068 4198 1137 4260 cap.
1161 4180 1205 4243 26
1244 4205 1262 4248 o

199 4282 325 4347 Italus
357 4284 425 4367 ille,
458 4307 552 4368 quern
585 4285 714 4348 tametsi
745 4283 899 4347 Barthius
932 4281 1222 4350 ‘vetustissimum'
1256 4313 1263 4354 r

199 4395 308 4453 tamen
328 4413 393 4454 uon
413 4391 577 4454 dubitabis
597 4392 628 4453 in
652 4374 831 4455 ceterorum
845 4411 978 4454 numero
994 4389 1195 4457 noviciorum
1214 4393 1263 4461 ha'
