2924 5046
442 333 520 381 srva
545 331 790 381 nannonanvn
814 330 915 377 mear.
1187 311 1251 374 543

56 461 178 551 Cipi
213 473 323 538 laudes
350 475 529 559 praecedit,
558 475 604 539 ita
632 475 716 558 apud
745 473 925 539 Varronem
953 471 992 534 de
1019 470 1040 534 l.
1067 468 1101 534 L.
1125 470 1164 552 V,
1190 471 1252 534 150

70 592 180 641 eum
209 579 319 646 Curtio
348 580 393 645 M.
416 579 566 663 Genucii,
596 584 632 644 nt
659 582 693 644 in
721 580 890 645 consulatu
918 577 1129 661 collegarum,
1156 600 1251 660 copu-

77 678 197 750 ieeur
218 688 382 767 memoria.

202 795 239 858 ln
280 794 511 878 componendis
552 793 806 858 hebdomadibus
848 791 1028 856 Varronem
1069 796 1251 874 temporum

10 966 12 973 ,
99 900 271 965 rationem
303 922 369 964 non
398 900 578 985 neglexisse
607 900 802 964 Ritschelius
832 899 963 962 medicis
991 903 1114 980 septem
1142 920 1158 960 e
1188 897 1250 962 Pli-

10 984 13 995 Ι
104 1003 172 1069 nio
201 1007 377 1092 propositis
414 1007 513 1070 verbo
546 1008 708 1070 monuisse
741 1005 874 1090 sategit,
905 1027 1008 1088 neque
1041 1004 1186 1087 profecto
1220 1004 1251 1066 id

107 1107 255 1199 longiore
279 1114 554 1178 demonstratione
578 1117 665 1198 eget,
696 1135 795 1196 quum
819 1115 852 1176 et
874 1134 931 1194 per
954 1097 988 1175 se
1016 1112 1060 1175 sit
1083 1110 1251 1193 probabile

110 1225 156 1282 et
176 1223 232 1287 alia
260 1243 388 1307 quoque
412 1220 481 1283 eius
505 1220 627 1284 ordinis
655 1220 847 1283 documenta
870 1220 1051 1301 suppetant.
1092 1217 1141 1281 Eo
1165 1217 1251 1282 enim

108 1329 250 1408 pertinet
279 1349 376 1411 quam
405 1347 501 1409 super
529 1330 636 1390 aetate
663 1324 796 1388 Homeri
826 1329 922 1407 atque
950 1323 1085 1388 Hesiodi
1114 1346 1152 1388 ex
1180 1324 1251 1407 ipso

108 1429 256 1500 Varrone
283 1432 370 1498 haud
399 1433 494 1497 dubie
518 1433 637 1516 repetit
659 1430 783 1497 Gellius
811 1432 1003 1514 disputati03
1032 1433 1143 1495 eodem
1167 1432 1251 1516 quod

109 1540 316 1625 antiquorum
336 1543 369 1602 et
387 1539 600 1604 recentiorum
621 1539 852 1603 statuariorum
876 1539 1091 1603 hebdomades
1115 1540 1252 1622 diremit,

108 1646 199 1726 quod
225 1648 304 1711 duas
327 1644 440 1709 itidem
468 1644 629 1728 pictorum
657 1645 849 1709 discrevisse
878 1646 1010 1709 videtur.
1052 1644 1165 1728 Neque
1189 1644 1251 1708 Pli-

104 1749 185 1815 nius
209 1757 337 1818 tantum
365 1752 400 1815 in
427 1751 560 1816 medicis
589 1750 775 1815 ordinandis
802 1749 949 1815 Dioclem
974 1749 1159 1835 Caryatium
1188 1750 1252 1814 ‘sc-

10 1866 12 1875 '
102 1859 245 1924 eundum
275 1863 381 1924 aetate
408 1858 575 1943 famaque’
606 1858 753 1921 extitisse
781 1859 909 1941 scribit,
938 1858 993 1921 sed
1017 1858 1253 1943 Quinctilianus

96 1958 140 2022 in
167 1967 304 2051 singulis
327 1966 395 2030 fere
420 1966 616 2048 scriptorum
639 1964 811 2047 generibus
831 1965 1033 2029 recensendis
1057 1966 1134 2029 data
1155 1987 1254 2048 opera

92 2069 164 2144 ‘1¹11'
204 2073 378 2139 secundum
415 2070 550 2156 gradum
588 2071 728 2134 tenuerit
765 2052 925 2154 expressis
968 2073 1075 2136 verbis
1118 2075 1253 2137 annotat

85 2167 110 2244 ἕ
143 2175 205 2244 53.
227 2180 279 2246 58.
305 2180 355 2245 72.
379 2179 431 2244 86.

198 2285 302 2351 Multo
325 2284 421 2368 plura
440 2287 536 2366 atque
556 2283 654 2346 etiam
678 2282 729 2346 his
749 2284 921 2347 incertiora
940 2284 1117 2349 adiicienda
1137 2290 1253 2370 essent,

72 2376 108 2440 δί
161 2390 293 2457 iustam
331 2391 368 2454 de
406 2388 619 2453 Vennonianis
656 2380 910 2454 hebdomadibus
948 2394 1253 2456 commentationem

68 2482 202 2562 e<lere
233 2520 320 2565 nunc
353 2500 489 2561 vacaret.
533 2494 749 2570 Quamobrem
782 2518 845 2559 una
881 2482 1107 2561 observatione
1145 2499 1255 2563 addita

63 2602 149 2658 ¹¹08
198 2604 448 2685 continebimus,
475 2624 571 2685 quam
598 2623 701 2684 neque
730 2600 926 2666 Ritschelius
955 2625 1086 2686 prorsus
1115 2609 1253 2686 praeter·
1268 2626 1293 2664 rs

63 2695 209 2775 ¹11isit.
251 2710 382 2793 Optime
410 2708 495 2773 enim
523 2707 577 2770 ille
606 2729 669 2790 quo
693 2705 908 2771 Menecratem
937 2709 1022 2771 inter
1050 2711 1253 2792 architectos,

62 2791 332 2909 l'ythagoram
365 2816 450 2879 inter
483 2813 658 2878 statuarios
690 2813 768 2878 licet
800 2836 864 2878 non
898 2838 997 2898 aeque
1031 2820 1127 2900 atque
1156 2816 1252 2880 ceteri

62 2897 252 2987 filnes-es
279 2927 427 3006 receptos
456 2920 644 3004 explicaret,
676 2922 801 2984 monuit
832 2920 912 2986 ‘non
945 2922 1080 2986 liberam
1110 2922 1251 2987 Varroni

65 3021 275 3095 ‘'ptionem
294 3027 405 3111 fuisse,
426 3026 482 3091 sed
500 3026 727 3090 necessitatem
746 3028 983 3110 potius-eorum
1004 3030 1254 3114 deligendorum,

66 3131 246 3225 fluorum
270 3135 417 3200 alicunde
441 3135 561 3217 petitas
584 3134 743 3218 imagines
767 3134 801 3198 in
824 3140 977 3218 promptu
1000 3135 1161 3201 haberet'.
1194 3134 1254 3200 Cui

67 3228 228 3308 lu(licio
251 3243 299 3307 ita
323 3241 566 3322 subscribimus,
590 3243 626 3303 ut
648 3243 757 3304 tamen
779 3242 827 3304 vel
849 3247 983 3326 propter
1006 3245 1095 3308 illam
1117 3243 1253 3307 necessi-

69 3323 212 3415 fratem
243 3371 309 3414 non
349 3351 469 3411 temere
507 3347 615 3431 aliquo
653 3346 828 3430 imaginem
866 3350 1040 3432 arripuisse
1073 3350 1254 3415 Varronem

71 3444 274 3539 Putemus,
312 3454 368 3518 sed
400 3455 434 3518 in
469 3453 532 3518 hac
569 3474 695 3536 quoque
727 3476 761 3516 re
794 3454 959 3521 doctrinae
993 3463 1089 3540 atque
1123 3458 1253 3521 circum·

73 3550 287 3628 Speetionis
321 3559 432 3624 laudes
461 3560 660 3623 aemulatum
689 3581 767 3624 esse.
808 3560 860 3624 lta
889 3563 974 3626 enim
1002 3568 1037 3626 ut
1070 3567 1253 3626 statuamus

73 3642 255 3747 ,efficiunt
286 3688 368 3751 quae
395 3665 534 3730 Ioannes
562 3664 672 3749 Lydus
703 3666 741 3728 de
769 3668 913 3751 magistr.
937 3666 966 3750 I,
993 3669 1032 3731 12
1064 3668 1102 3731 de
1127 3669 1253 3731 Aeneae

74 3757 250 3856 111180gine
279 3773 381 3836 tradit
403 3773 543 3856 repetita
569 3773 624 3836 illa
647 3794 685 3835 ex
714 3772 846 3854 antiquo
876 3797 970 3857 opero
999 3775 1099 3838 fontis
1124 3773 1254 3838 Albani.

117 3870 244 3962 odem,
267 3879 295 3942 si
314 3881 460 3943 nostram
478 3878 697 3943 coniecturam
718 3880 846 3962 probas,
870 3879 942 3964 Cipi
965 3882 1074 3965 imago
1098 3881 1136 3944 de
1159 3886 1254 3964 porta

151 3985 363 4052 uduseulana
382 3989 490 4047 sumta
508 3984 658 4066 pertinet.
698 3985 910 4050 Pertinebunt
929 4009 965 4049 eo
987 4008 1097 4050 omnes
1121 3987 1169 4050 illi
1189 4009 1253 4051 non

74 4055 224 4157 tra<liti
239 4092 359 4173 vultus,
378 4112 514 4174 quorum
528 4089 651 4154 Plinius
672 4091 819 4156 meminit
838 4092 935 4174 paulo
952 4097 1026 4157 ante
1046 4114 1118 4155 cum
1138 4094 1254 4170 locum,

72 4177 168 4250 ‘1¹¹0
196 4197 437 4263 hebdomadum
461 4194 620 4260 Varronis
644 4198 801 4260 memoria
824 4197 1019 4281 continetur,
1043 4198 1125 4262 unde
1149 4200 1254 4263 exorsi

70 4281 231 4370 ⁸¹¹111us.
255 4303 317 4380 Qui
340 4324 438 4387 quum
458 4302 506 4365 ita
524 4302 646 4365 scribat
664 4301 685 4364 l.
698 4300 820 4365 XXXV
841 4304 896 4383 §9
919 4303 1013 4388 ‘quin
1034 4304 1132 4368 immo
1156 4305 1254 4369 etiam

68 4386 192 4473 (luae
215 4432 282 4475 non
310 4413 385 4474 sunt
412 4408 591 4492 finguntur,
621 4408 814 4493 pariuntque
842 4408 1001 4474 desideria
1023 4434 1089 4475 non
1116 4411 1254 4475 traditos
