2888 5040
175 282 239 347 554
498 301 611 347 uanae
635 286 779 349 vuaao’s
803 300 983 348 rusoruvn

175 442 324 525 primum,
347 443 485 505 alterurn
505 442 545 505 ad
568 442 704 526 litteras,
728 443 767 507 ad
787 447 874 508 artes
899 442 1149 528 disciplinasque
1169 445 1271 509 tertium

175 547 273 612 Cuius
292 548 337 611 rei
356 547 440 611 hanc
459 571 529 612 esse
549 550 613 613 vim
633 551 781 615 volumus
800 555 847 631 ut,
873 551 900 613 si
925 555 1042 633 quarto
1062 551 1096 615 in
1113 551 1178 615 loco
1193 551 1271 616 classis

174 654 320 718 miscella
348 654 518 737 habeatur,
549 656 600 719 his
628 660 782 740 quattuor
809 656 957 738 partibus
986 656 1083 721 simul
1110 656 1271 742 intellegatur

174 762 333 845 quomodo
364 761 561 841 εἐπιτομὴ(
585 785 627 827 ex
659 762 866 846 imaginum
896 762 1013 827 libris
1036 762 1098 827 XV
1120 763 1202 827 libri
1218 761 1270 827 llll’

173 867 411 951 responderint,
444 891 580 952 quorum
609 869 796 932 memoriam
830 870 958 934 codices
991 870 1055 934 duo
1086 869 1209 935 Parisini
1228 893 1269 934 ser·

174 978 291 1037 vamnt
324 997 343 1037 a
376 972 574 1058 Chappuisio
606 997 709 1058 nuper
744 976 901 1059 excerpti:
938 981 976 1041 ut
1012 976 1051 1040 de
1086 976 1146 1041 hoc
1177 998 1268 1041 numero

173 1085 366 1144 evanescant
398 1102 476 1164 quas
509 1079 613 1144 Musei
646 1080 757 1165 philol.
790 1080 852 1144 XII
884 1103 915 1164 p.
948 1083 1010 1146 153
1044 1086 1077 1146 et
1110 1084 1168 1147 160
1194 1084 1268 1166 [supra

172 1209 203 1269 p.
227 1187 304 1265 529]
331 1186 551 1250 dubitationes
576 1187 838 1272 significavimus.

263 1293 307 1356 Et
329 1293 409 1357 haee
433 1293 560 1378 quidem
585 1294 762 1378 generatim
786 1295 952 1379 disputata
976 1301 1081 1360 sunto.
1117 1294 1266 1372 Quodsitis

140 1419 160 1456 x
176 1400 334 1484 quaedam
358 1401 533 1464 subicimus
558 1398 598 1464 ad
627 1400 746 1464 classes
771 1401 916 1486 singulas
940 1403 1132 1485 spectantia,
1158 1424 1209 1465 nou
1228 1399 1266 1463 hor

173 1528 210 1569 eo
233 1505 369 1571 facimus
393 1508 486 1590 quasi
510 1507 564 1590 qui
584 1507 623 1571 ad
647 1507 761 1571 harum
780 1507 924 1571 rationes
948 1509 1070 1572 finitius
1093 1505 1265 1572 describenda

173 1612 309 1676 multum
334 1613 445 1696 profici
469 1636 563 1697 posse
587 1614 621 1676 in
644 1617 737 1678 tanta
762 1613 1023 1678 testimoniorum
1052 1615 1178 1698 penuria
1195 1612 1264 1697 opine

172 1741 258 1801 mur,
287 1719 341 1782 sed
366 1723 402 1783 ut
425 1742 444 1782 a
468 1719 731 1784 dubitationibus·
749 1721 857 1803 potius
881 1719 1089 1802 quibusdam,
1117 1742 1185 1805 quas
1202 1717 1264 1783 facilc

173 1826 334 1911 quispiam
353 1827 440 1889 illinc
460 1826 600 1890 orituras
620 1829 721 1908 putet,
743 1826 946 1910 propositam
966 1826 1154 1910 disponendi
1169 1825 1264 1910 specien

172 1933 390 1997 defendamus.
427 1933 540 2017 Itaque
572 1932 681 2018 regiae
713 1937 809 2016 atque
841 1932 976 1997 bellicae
1006 1932 1120 1997 virtuti
1150 1930 1264 1996 destinati

172 2040 295 2123 prima
323 2040 433 2103 classis
466 2062 564 2123 quam
591 2038 744 2103 habuerit
772 2039 805 2101 in
832 2039 999 2124 isagogico
1030 2040 1111 2103 libro
1137 2037 1264 2122 praefiran

173 2144 328 2210 Graecam
359 2145 549 2230 imaginem,
575 2146 731 2210 uescitur:
759 2143 941 2209 Romanam
970 2145 1087 2209 habuit
1110 2136 1265 2209 hauddubie

172 2251 324 2316 Aeneae
357 2274 528 2335 personam
556 2254 597 2317 ab
626 2252 747 2316 Ioanne
775 2252 865 2335 Lydo
893 2252 932 2316 de
961 2273 1047 2338 mag.
1070 2253 1099 2335 l,
1121 2253 1160 2317 30
1183 2244 1264 2314 svar-

171 2359 260 2422 ronis
290 2359 409 2424 Εἰκόειν
443 2362 742 2440 commemoratam,
775 2381 871 2442 quam
904 2381 923 2423 a
952 2360 1146 2424 Graecorum
1172 2356 1264 2420 heron

172 2467 326 2531 societate
341 2469 545 2550 segregatam
562 2465 661 2529 fuisse
676 2464 856 2529 Mercklino
872 2486 1000 2550 quoque
1016 2467 1070 2550 psl
1083 2466 1167 2546 [535]
1177 2475 1265 2546 persur

173 2573 281 2637 simus.
319 2569 379 2636 Cui
407 2572 440 2634 in
464 2570 587 2635 Graeca
614 2571 815 2653 hebdomade
841 2571 1010 2656 isagogica
1037 2571 1154 2656 potuit,
1176 2568 1266 2633 unium

172 2683 208 2743 ut
232 2679 379 2762 exemplo
403 2683 546 2761 utamur,
574 2679 624 2743 vel
647 2678 836 2742 Phoroneus
864 2679 915 2741 rel
940 2677 1096 2743 Deucalio
1123 2668 1267 2759 respondett

173 2792 209 2849 ut
245 2786 422 2864 προπάτωρ
460 2785 566 2869 gentis
604 2790 637 2848 et
673 2784 863 2864 ἀρχηγέτης,
900 2785 951 2848 rel
989 2784 1127 2871 fortasse
1159 2778 1267 2852 Cecrops·

172 2893 326 2977 Reliquas
352 2896 459 2955 autem
483 2892 603 2954 classes
627 2913 737 2955 omnes
762 2912 833 2954 cum
858 2890 964 2954 Varro
993 2894 1105 2974 posset
1129 2910 1178 2973 per
1194 2875 1269 2961 capit*

173 3001 321 3085 persequi
345 3022 383 3062 ex
407 2998 478 3081 ipsa
502 3018 654 3082 generum
680 2997 865 3060 diversitate
890 3001 981 3080 apta,
1005 2997 1128 3080 primae
1149 2999 1231 3058 amen
1248 2977 1270 3039 lt

172 3107 360 3170 secundae
380 3105 492 3168 classis
512 3105 649 3167 materia
667 3106 719 3166 vix
739 3108 810 3167 erat
827 3103 924 3167 simili
948 3096 1271 3168 distributionibus,

171 3213 223 3276 hic
252 3218 288 3276 ut
316 3211 463 3274 videatur
490 3232 506 3272 e
534 3213 716 3293 temporum
744 3210 950 3293 potissimum
979 3211 1091 3274 ordine
1116 3196 1272 3293 pependisse,

172 3317 413 3399 simulantem,
441 3321 478 3381 nt
505 3321 555 3381 est
582 3320 847 3399 consentaneum,
875 3339 930 3380 eas
958 3321 1120 3382 certorum
1146 3305 1273 3378 homil!um

47 3475 53 3486 .
171 3423 390 3487 hebdomadas
419 3445 561 3487 servasse
595 3446 674 3507 quas
703 3423 754 3487 vel
785 3423 865 3486 fides
893 3424 1069 3488 memoriae
1097 3423 1146 3487 vel
1168 3417 1274 3483 commu·

170 3529 220 3593 nis
250 3530 360 3613 opinio
390 3533 422 3593 et
450 3530 615 3594 tralaticia
643 3531 840 3595 cousuetudo
869 3518 992 3614 pridem
1022 3529 1188 3594 sanxisset:
1209 3502 1274 3581 ,elul

172 3637 205 3700 in
228 3637 325 3700 tertio
350 3637 433 3701 libro
458 3642 581 3720 septem
607 3659 717 3722 regum
743 3637 972 3719 Romanorum,
995 3636 1031 3701 in
1055 3640 1165 3722 quarto
1184 3623 1273 3708 septem

171 3744 353 3826 sapientum
382 3743 587 3808 Graecorum.
629 3743 751 3818 Quodsi
779 3743 834 3827 qui
861 3743 894 3807 in
922 3736 1045 3825 duplici
1072 3762 1181 3826 genere
1202 3713 1273 3840 efflft

171 3851 286 3932 lerent,
324 3854 359 3913 ut
392 3848 500 3914 Numa
531 3850 710 3933 Pompilius
744 3849 793 3912 vel
825 3848 971 3912 Pittacus
1004 3870 1079 3911 cum
1111 3848 1173 3912 suis
1200 3842 1272 3905 suffit

170 3955 309 4020 liberum
343 3957 486 4038 profecto
515 3962 586 4019 erat
613 3955 766 4039 Varroni,
800 3954 864 4018 utri
893 3954 991 4018 classi
1024 3952 1163 4018 tribuere
1188 3932 1270 4014 mallet

171 4064 208 4127 ld
232 4067 339 4127 autem
363 4064 418 4127 ubi
443 4062 482 4125 ed
506 4063 726 4127 Romanorum
749 4061 954 4144 potissimum
978 4060 1148 4125 hominum
1168 4054 1270 4122 rarione

169 4169 385 4250 transtuleris,
408 4170 574 4233 commode
594 4169 794 4252 perspexeris
814 4168 867 4251 qui
888 4170 999 4230 tantae
1018 4167 1152 4232 fortium
1169 4166 1271 4229 rirorllm

171 4276 369 4339 multitudini
395 4276 578 4358 capiendae,
602 4278 724 4358 quante
748 4296 805 4357 per
828 4279 952 4356 septem
972 4271 1209 4356 sacculorum‘)
1227 4281 1273 4330 ⁰⁰¹1‘

242 4387 267 4483 e,
293 4387 363 4469 ilinc
387 4432 441 4469 non
470 4414 564 4485 inepte
592 4413 730 4483 quispiam
757 4411 962 4482 proficiscatur,
990 4415 1024 4466 ut
1050 4429 1065 4468 a
1090 4410 1202 4484 singulis
1221 4408 1279 4463 {unc
