2924 5046
473 387 479 398 ,
541 342 823 390 counauraruvs.
1186 324 1251 388 269

94 486 190 550 Arte
212 483 376 549 rhetorica
389 483 510 569 Valgii,
533 507 596 568 qua
619 487 647 549 is
671 484 860 568 Apollodori
885 482 1078 567 Pergameni
1101 503 1254 567 praecep-

89 591 187 657 toris
217 593 344 669 Τέχνην
376 591 478 655 latine
510 592 674 656 enarravit
706 595 789 655 teste
822 589 1039 666 Quinctiliano
1068 607 1121 672 111,
1147 590 1254 673 1,18‚
1330 626 1335 635 ·
1363 630 1366 635 -

83 720 199 763 suam
228 698 377 762 versibus
405 697 472 762 illis
500 697 607 763 sedem
631 697 732 762 fuisse
755 697 930 779 coniceret,
958 696 1024 760 sive
1048 695 1094 759 eis
1118 695 1253 779 abipso

81 805 228 889 Valgia
252 804 348 868 factis
372 804 441 869 sive
465 805 505 869 ab
529 806 712 889 antiquiore
735 807 834 888 poeta
857 803 965 887 aliquo
989 802 1141 885 sumptis:
1168 800 1255 866 haud

77 910 202 974 dubie
228 909 316 975 enim
339 911 425 976 ultra
448 911 556 976 aridos
579 911 730 996 magistri
748 910 999 976 commentarios
1017 909 1184 974 liberalius
1203 930 1254 973 ex·

77 1015 285 1100 spatiatum
309 1017 414 1081 multa
437 1016 475 1082 de
498 1039 557 1083 suo
582 1016 742 1082 addidisse
766 1015 969 1100 discipulum.
1005 1015 1051 1079 Et
1069 1017 1168 1081 talem
1187 1016 1254 1100 qui·

76 1123 173 1186 dem
198 1122 420 1188 coniecturam
438 1127 569 1208 poterat
587 1124 642 1188 ille
656 1123 794 1189 fortasse
810 1125 875 1188 alia
889 1123 1074 1188 coniectura
1089 1122 1254 1206 aliquanto

76 1229 226 1293 saltem
254 1230 507 1314 probabiliorem
536 1229 682 1294 reddere:
714 1231 779 1295 nisi
808 1230 894 1294 enim
923 1228 1011 1295 fallit
1034 1229 1157 1313 opinio,
1189 1250 1255 1294 non
1298 1274 1305 1286 ·

76 1358 205 1418 prosa
224 1338 372 1402 oratione
387 1336 538 1422 Valgius,
562 1337 617 1402 sed
636 1337 797 1402 didactieo
816 1336 957 1402 carmine
977 1355 1125 1420 graecam
1141 1335 1255 1399 Artem

76 1447 278 1508 exsecutus
303 1448 361 1508 est.
397 1444 472 1509 Non
495 1445 613 1509 desunt
635 1448 720 1509 certe
742 1443 883 1529 vestigia
906 1443 1255 1526 numerorum·partim

77 1550 284 1615 manifesta
306 1551 425 1635 partim
449 1573 515 1615 non
539 1551 721 1634 spernenda
739 1551 772 1615 in
791 1550 856 1614 illis
876 1571 957 1634 quae
977 1571 1015 1614 cx
1029 1547 1139 1632 Valgii
1159 1550 1256 1613 inter·

77 1655 293 1733 pretatione
316 1656 421 1722 latina
444 1657 680 1732 Quinctilianus
705 1679 773 1740 cap.
797 1657 818 1722 5
842 1660 862 1737 ξ
888 1658 927 1721 17
954 1655 1126 1739 excerpsit:
1150 1654 1255 1719 ‘caus-

77 1779 170 1823 sam
202 1762 277 1826 finit
289 1763 521 1848 Apollodorus,
544 1768 581 1827 ut
603 1764 870 1847 interpretatione
884 1763 996 1848 Valgii
1016 1762 1167 1845 discipuli
1186 1762 1255 1826 eius

77 1867 199 1951 utar,
222 1869 283 1934 ita:
316 1889 427 1935 metesa
453 1875 497 1936 eet
523 1872 676 1953 nepotum
703 1871 844 1936 omuibus
869 1871 936 1934 ereb
955 1868 1098 1950 paoem
1119 1874 1257 1950 spectem

75 1970 130 2032 Ml
162 1976 388 2054 quaestiones,
412 1980 468 2041 aut
490 1997 601 2041 cosme
622 1982 667 2041 est
686 1979 849 2059 capotium,
871 1976 960 2039 eriere
981 1975 1057 2056 fiais
1078 1979 1122 2039 est
1139 1981 1256 2040 coebo

73 2080 222 2144 rrersc‘e.
259 2082 366 2166 ipsum
389 2082 504 2148 deinde
527 2084 695 2168 negotium
719 2084 765 2148 sie
789 2083 872 2147 finit:
895 2083 1049 2164 negotium
1073 2087 1117 2146 cst
1137 2102 1256 2164 oonpre-

70 2186 187 2258 satio
217 2210 438 2271 personemus,
470 2191 620 2276 locontur,
651 2198 832 2274 tempranen,
862 2208 1057 2272 malesanam,
1086 2190 1255 2267 medeam,

73 2304 251 2379 mactem,
281 2298 447 2383 foetorum,
479 2299 766 2376 instrumentorum,
798 2315 985 2379 sermonum,
1016 2296 1201 2377 seraptenas
1228 2301 1258 2360 et

72 2409 157 2457 '20²²
204 2403 407 2485 emptorum?
462 2403 612 2491 integros
645 2407 687 2471 ab
718 2405 814 2470 initio
847 2395 990 2469 senarios
1022 2401 1114 2466 nulla
1145 2402 1255 2466 littera

73 2505 237 2571 mutata
259 2507 319 2573 hos
342 2507 458 2574 babes:

272 2632 391 2698 &ruma
413 2635 458 2699 e'et
478 2637 632 2717 nepotiane
654 2636 795 2701 dms-:bue
816 2637 883 2700 erc-ie
899 2634 1044 2717 pdrtilms

270 2741 417 2823 Spectans
439 2743 482 2807 ad
502 2744 708 2824 quamdidnem
732 2769 786 2808 -ε

75 2829 187 2904 item
273 2845 450 2928 Nepo'tium,
474 2849 562 2912 cneius
582 2849 663 2928 since
684 2850 892 2914 controuersia
914 2853 966 2912 cet.

77 2966 171 3083 llee
206 2988 309 3052 minus
333 2989 495 3054 commodi
518 3012 536 3053 e
558 2992 715 3076 proximis
738 2992 912 3075 prodeunt,
943 2991 970 3056 si
994 2991 1090 3056 modo
1115 2990 1258 3066 Quineti-

80 3072 235 3157 hunum
263 3097 460 3161 concesseris
487 3099 666 3181 praeterire
689 3100 850 3183 potuisse,
883 3121 964 3184 quae
987 3122 1053 3164 non
1077 3098 1260 3163 necessaria

85 3181 132 3245 ld
165 3199 245 3264 vim
267 3203 449 3269 sententiae
471 3204 522 3268 vel
545 3205 689 3270 numeris
712 3209 842 3270 tantum
865 3205 1086 3270 sustentandis
1110 3204 1161 3268 vel
1184 3225 1257 3268 nec·

87 3285 230 3369 tendas
251 3310 391 3375 orationi
414 3311 623 3375 inservirent:

274 3433 438 3516 Negotium
461 3437 568 3499 autem
592 3436 750 3520 quae'dam
773 3436 964 3520 emprepettio

273 3538 319 3604 Et
335 3541 542 3622 personarum
565 3548 608 3606 eet
631 3545 664 3606 et
687 3543 819 3607 locerm
843 3547 876 3608 et
898 3545 1066 3626 ίέηψοηιηι

275 3645 529 3731 &neonemque
553 3650 585 3711 et
607 3648 780 3729 moderare,
803 3672 900 3734 porro
923 3650 1058 3725 macrum,

273 3750 455 3832 Factorum,
478 3754 765 3840 inuuemeatdmm,
786 3757 960 3821 sermomim
984 3778 1121 3841 quoque,

273 3857 466 3942 Serapidem
489 3866 518 3925 et
538 3881 601 3926 nen
623 3863 814 3945 emptorum.

112 3967 240 4062 Verum
265 3999 327 4065 boc
355 3999 486 4085 quidem
514 4024 715 4087 quocumque
744 4007 841 4071 modo
869 4028 903 4070 se
931 4005 1044 4088 habet,
1071 4006 1150 4069 illud
1174 4027 1258 4069 nunc

113 4099 334 4172 quaerendum
357 4111 469 4192 restat,
492 4108 570 4191 quid
593 4110 662 4174 fieri
685 4112 761 4176 libri
784 4113 889 4177 indice
912 4115 947 4176 ia
969 4113 1087 4176 actione
1109 4111 1258 4196 Vngerus

115 4190 263 4313 uipera
308 4213 357 4278 Dc
381 4234 445 4297 quo
466 4213 524 4278 ille
548 4214 594 4279 sie
617 4218 841 4283 ratiocinatur:
874 4223 998 4283 eertum
1025 4218 1125 4284 fuisse
1152 4219 1258 4283 locum

119 4301 201 4374 ΜΒ
227 4319 405 4385 rhetoricae
432 4341 495 4404 quo
524 4320 562 4384 de
591 4344 629 4387 ea
656 4325 760 4410 figura
783 4329 934 4410 ageretur
957 4349 1039 4410 quae
1062 4325 1187 4389 Latinis
1211 4327 1260 4389 est

123 4404 333 4511 ‘translatez
360 4425 541 4507 μετάσαειε
568 4430 714 4498 Graecis:
748 4453 820 4496 earn
842 4432 1092 4496 translationem
1115 4432 1180 4496 alio
1202 4453 1256 4496 uo·
