2924 5046
181 340 245 404 388
600 357 648 403 nn
672 357 706 402 u.
730 356 906 403 vaanoms

181 498 267 581 (tane
289 496 361 582 Bo.)
393 503 421 562 et
446 500 508 580 rpsi
534 519 662 582 omenes,
692 500 774 581 quod
798 519 918 562 annum
944 497 1115 561 enecantur
1145 495 1262 584 (matta

180 604 265 690 Be),
297 607 371 670 dieti
396 611 477 671 sient.
514 627 618 670 oerum
641 612 805 687 postquam
830 606 891 669 isto
914 610 1033 687 reperto
1054 610 1141 683 erent,
1168 626 1262 686 provo

177 713 308 777 studebat
325 713 368 777 od
385 713 441 777 aa
460 712 628 776 invisibilia
646 713 847 794 repensando
864 716 1025 794 comment
1041 732 1195 792 quaerere,
1213 733 1262 793 qm

177 819 278 900 spatio
300 839 321 881 a
344 823 428 882 terro
450 820 539 901 laena,
565 841 586 882 a
610 820 754 883 irrueret
776 819 841 899 epse
863 820 1004 901 (lateret,
1031 823 1060 881 et
1081 838 1178 900 usque
1199 819 1244 882 ml

180 926 265 989 tioeaa
296 926 372 989 coeli
402 931 520 1007 quanto
551 946 582 990 se
613 946 757 989 rumosam
784 926 980 989 distenderet:
1013 926 1096 1006 qaod
1120 927 1262 1007 peritissi

176 1037 344 1113 peoruetros
374 1037 523 1097 assecutos
553 1052 615 1096 esse
647 1036 862 1096 conanemorot
894 1030 1012 1116 (earum
1045 1067 1080 1076 —
1111 1052 1262 1096 ceritatem<

180 1159 241 1201 om.
264 1135 346 1223 B⁰.).
369 1143 440 1202 tuno
462 1143 491 1202 et
512 1140 730 1203 diarmaionaa
753 1138 834 1202 orbis
856 1143 954 1202 terrae
977 1136 1065 1222 (dim.
1087 1141 1250 1205 universae

178 1265 233 1308 rae
255 1242 359 1330 Cass.)
376 1245 531 1326 probabili
553 1245 645 1324 refert
666 1246 786 1309 ratione
806 1245 976 1309 collectum:
1005 1246 1129 1325 ideoque
1152 1244 1233 1330 (ideo
1255 1246 1262 1311 i

176 1352 294 1432 saetam
324 1357 368 1416 est
388 1358 425 1416 at
445 1353 610 1434 disceptina
632 1355 702 1434 ipso
721 1354 902 1434 peonmtrioe
924 1373 1035 1416 noneen
1057 1353 1220 1434 occiperet,
1246 1375 1262 1436 o

173 1478 232 1538 per
253 1459 375 1522 saecuta
398 1459 488 1540 leupo
511 1460 640 1523 custodit
662 1458 826 1544 (convaleret
845 1457 927 1539 B0.).
965 1457 1124 1522 Varronis
1148 1459 1252 1544 igitur

178 1563 318 1646 emplum
342 1563 525 1628 Marcianus
549 1565 696 1629 imitatus
720 1586 783 1628 non
805 1567 933 1628 tantum
955 1564 1036 1628 haee
1059 1567 1262 1648 pronuntiem

176 1668 257 1734 facit
276 1669 495 1736 Geometriam
511 1671 556 1737 Vl
576 1695 606 1755 p.
625 1672 699 1736 192:
723 1671 899 1735 Geometrio
921 1671 1013 1746 dicor,
1036 1672 1118 1751 qnod
1131 1693 1262 1752 permen

176 1776 278 1840 erebro
310 1779 547 1859 mammemque
577 1778 712 1842 tellurem-
742 1779 864 1859 eiusque
890 1779 1037 1860 sigenam,
1070 1779 1262 1859 samnitum

177 1883 288 1967 terune,
314 1890 422 1966 portes
447 1891 476 1949 et
505 1887 608 1950 stadio
630 1887 748 1966 possm
775 1905 845 1949 eran
871 1886 938 1949 sais
967 1885 1141 1948 rationibus
1164 1887 1262 1967 apua

176 2011 270 2072 neom
297 1991 363 2054 atla
394 1992 435 2055 sa
461 1992 496 2054 ia
524 1991 616 2055 totius
643 1995 741 2054 terroe
767 1992 940 2055 ‹liveraitote
960 1993 1105 2071 partitio,
1138 2013 1235 2072 quoru

176 2098 319 2162 nroeaoris
344 2117 436 2161 cuasa
458 2098 669 2179 description-is
691 2096 861 2161 ahsoltam:
891 2096 946 2171 sed
970 2096 1098 2180 inipso
1121 2105 1262 2182 geometr

177 2203 382 2267 enarratione
405 2203 453 2266 ita
476 2207 631 2281 versatur,
655 2205 691 2266 ut
714 2224 733 2266 a
756 2201 1010 2284 platanum
1035 2205 1262 2289 geographi*

176 2308 320 2373 rationes
343 2309 484 2374 universi
504 2310 591 2373 orbis
610 2313 769 2373 terrarum
789 2313 1010 2393 persequatur,
1034 2331 1072 2372 ae
1092 2315 1163 2374 tum
1183 2311 1262 2376 demi

175 2418 313 2497 exposito
336 2421 434 2481 terrae
455 2437 678 2498 arginem-mom
700 2437 854 2493 recensum,
876 2416 920 2479 od
935 2417 1015 2480 ortis
1027 2422 1193 2497 praecepta
1210 2438 1262 2481 veo

175 2524 212 2585 ut
234 2522 303 2606 ipse
327 2523 373 2586 ait
395 2545 425 2605 p.
440 2523 504 2587 227
528 2520 614 2607 (coll.
636 2545 667 2605 p.
694 2523 770 2586 192:
801 2543 839 2585 oo
864 2523 985 2585 {lenium
1014 2528 1111 2586 eetero
1138 2528 1262 2588 marren

62 2610 65 2615 ⁴
169 2634 332 2710 praerepta
360 2631 440 2692 ortis
468 2627 615 2712 operire),
645 2627 675 2691 h.
699 2649 725 2691 e.
754 2628 793 2691 ad
822 2628 977 2693 linearum
1001 2628 1245 2714 figurarumque

174 2737 348 2801 finitiones.
393 2735 596 2820 Quamquam
621 2735 707 2819 qued
730 2735 764 2798 in
787 2736 894 2817 priore
917 2738 1009 2818 parte
1033 2734 1084 2798 bis
1108 2736 1210 2818 ipsius
1234 2759 1262 2800 m

174 2842 296 2907 tionem
320 2842 477 2908 Varronis
500 2841 579 2905 feeit
600 2864 632 2924 p.
650 2841 723 2905 205.
747 2842 821 2923 214,
844 2841 876 2904 id
899 2840 1021 2903 nullam
1044 2840 1107 2904 hue
1130 2842 1197 2904 vim
1220 2841 1262 2906 ha

174 2951 347 3031 propterea
377 2948 462 3033 quod
489 2951 523 3011 et
550 2946 629 3011 haee
657 2947 720 3011 duo
748 2946 934 3010 testimonia
964 2949 997 3009 et
1019 2946 1240 3031 geographica

174 3056 301 3119 tantum
327 3078 392 3120 non
421 3057 531 3120 omnia
557 3054 662 3119 Plinio
691 3055 806 3118 maiori
834 3051 901 3138 (vel
931 3051 1057 3137 Selino)
1086 3052 1197 3137 debet,
1229 3075 1262 3118 eu

174 3160 246 3224 vide
270 3160 332 3244 ΙΙΙ,
355 3162 390 3246 5,
413 3160 476 3247 (d),
499 3163 543 3226 45
567 3166 600 3226 et
622 3160 678 3244 IV,
705 3162 759 3242 12,
783 3156 865 3245 (24),
889 3160 940 3223 77.
985 3159 1061 3223 Alia
1089 3158 1216 3224 Isidoro
1245 3182 1262 3223 e

55 3316 57 3320 .
175 3265 321 3331 Varrone
353 3268 438 3333 ratio
468 3268 647 3333 intercedit.
692 3267 724 3331 Is
756 3265 841 3329 enim
871 3271 904 3329 et
927 3265 1161 3350 geographiam
1186 3288 1262 3330 sane

174 3374 396 3458 gromaticam,
419 3395 516 3456 quam
540 3396 604 3438 non
628 3372 741 3455 attigit
763 3371 954 3453 Marcianus,
978 3372 1175 3455 complexus,
1198 3376 1262 3437 utra

174 3501 237 3564 que
258 3484 367 3544 tamen
391 3481 432 3545 ab
456 3480 557 3564 ipsius
580 3479 776 3565 geometriae
799 3480 1003 3543 enarratione
1026 3481 1125 3564 longo
1145 3480 1262 3544 interve

173 3584 366 3670 diremptam
395 3588 485 3652 libris
514 3587 644 3651 demum
666 3584 744 3649 XIV
772 3590 805 3649 et
826 3584 888 3650 XV
912 3583 982 3671 (ubi
1006 3609 1025 3649 a
1049 3608 1117 3668 eap.
1146 3587 1185 3649 13
1210 3586 1262 3670 agi

173 3694 209 3757 de
231 3695 330 3776 aprio,
357 3694 393 3759 de
414 3694 527 3775 pinibus
548 3712 707 3775 (tyronem,
730 3692 766 3757 de
787 3692 939 3755 amoenis
961 3693 1121 3776 aprorum)
1145 3692 1262 3777 Origin

132 3817 158 3855 4¹
173 3805 360 3881 persecutus
383 3803 441 3863 est.
487 3799 601 3883 Itaque
625 3819 777 3883 quaerere
801 3797 877 3860 lieet
899 3818 977 3860 num
999 3796 1084 3861 forte
1104 3797 1139 3862 in
1159 3797 1262 3864 Varro

173 3907 360 3991 gromatieis
391 3907 480 3970 loeus
511 3905 610 3970 etiam
639 3905 691 3968 his
718 3904 817 3968 fuerit
840 3903 928 3988 Orig.
952 3903 1022 3987 XV,
1053 3905 1107 3988 13,
1135 3906 1166 3989 6,
1194 3929 1262 3991 qua

174 4011 337 4077 Servianis
357 4012 391 4075 in
405 4011 522 4097 Georg.
540 4000 556 4075 Ῐ
576 4012 645 4076 init.
664 4010 834 4076 emendata
854 4012 1073 4094 ascripsimus:
1096 4014 1198 4077 onznia
1214 4035 1262 4077 aa

172 4138 256 4201 uper,
284 4124 320 4182 at
347 4119 445 4183 Varro
472 4121 567 4202 docet,
593 4119 824 4200 quadrifariam
851 4119 1008 4182 diuiditur.
1040 4123 1097 4181 orit
1117 4120 1201 4182 mim
1222 4140 1262 4183 or

172 4231 215 4289 est
236 4246 309 4307 ager
331 4227 366 4290 ia
386 4226 626 4308 (steatomatis,
649 4231 704 4288 oret
726 4226 889 4290 omrsitims
914 4226 946 4287 id
967 4229 1010 4288 est
1032 4229 1124 4306 optus
1145 4225 1262 4291 arara

147 4337 228 4394 =out
248 4352 385 4412 pascuus
411 4334 465 4414 qui
491 4331 591 4396 herbis
619 4337 740 4395 tuntum
762 4336 790 4394 et
810 4330 1000 4395 attinentibus
1021 4335 1123 4409 meat,
1150 4332 1262 4413 auiti<

172 4439 230 4502 dus
251 4439 286 4504 in
307 4459 366 4521 quo
389 4440 565 4503 suntme·
587 4440 700 4524 (imme
724 4441 784 4502 orti
802 4437 976 4502 seeundum
991 4434 1139 4503 Varrone
1173 4436 1262 4525 mi
