2924 5046
542 354 546 360 '
582 366 864 441 conuuursmvs.
1230 347 1295 412 223

138 515 219 580 Ner.
252 512 300 576 38.
347 509 551 594 Omninoque
579 509 613 572 in
640 511 713 593 plus
741 509 860 593 viginti
889 508 1045 592 exemplis
1073 529 1139 570 non
1167 506 1349 589 repperisse

145 619 202 682 nisi
246 617 384 702 quinque
413 615 535 680 ordinis
560 615 731 698 contrarii,
759 615 906 680 simodo
931 616 971 679 ab
995 635 1132 678 unorum
1155 614 1297 677 ciuilium

150 724 296 788 odorum
319 722 385 809 (vel
404 723 507 787 ciuilis
525 719 610 806 belli)
634 721 799 785 mentione
823 720 1009 802 recesseris,
1031 719 1066 782 in
1090 740 1154 802 quo
1178 739 1296 802 genere

152 831 216 894 solo
248 831 367 895 totiens
384 829 471 912 -fere,
501 827 652 912 quotiens
675 826 841 910 praecedit
863 825 1071 909 adieetivum‚
1100 825 1184 888 idem
1209 829 1295 908 post·

149 937 284 1016 ponitur
292 936 336 1022 ¹³).

239 1039 316 1123 Peg.
331 1039 432 1113 2⁰53
455 1044 484 1104 et
503 1044 598 1104 natu
618 1040 661 1103 sit
682 1043 711 1103 et
731 1042 878 1121 mauu,
901 1059 961 1120 pro
985 1058 1023 1100 eo
1047 1038 1132 1120 quod
1156 1038 1229 1102 inde
1254 1037 1295 1101 ab

142 1143 274 1211 Aldina
300 1146 454 1231 vulgatur
480 1151 573 1210 name
599 1146 642 1210 sir
667 1149 696 1209 et
722 1149 876 1228 morture,
908 1143 1041 1208 dubium
1065 1145 1118 1208 vix
1143 1148 1194 1208 est
1217 1143 1295 1228 quin

138 1255 237 1314 reete
261 1256 392 1315 eruatur
415 1272 433 1315 e
456 1251 613 1315 librorum
637 1250 798 1333 scriptura
820 1254 1206 1315 mensarumque:
1240 1250 1296 1314 ubi

137 1355 281 1439 elapsae
303 1358 345 1423 ab
368 1357 465 1422 initio
488 1362 517 1420 et
538 1357 727 1440 particulae,
750 1378 846 1440 quam
867 1356 1068 1440 geminatam
1087 1357 1224 1441 requirit
1247 1378 1295 1420 ar-

136 1464 362 1542 gumentandi
382 1463 555 1544 evidentia,
577 1463 647 1546 ipse
666 1462 805 1528 vitiosus
824 1468 868 1527 est
885 1463 1080 1528 indicativus
1099 1463 1218 1527 iudicio
1237 1467 1296 1527 est.

240 1569 279 1634 V.
308 1570 342 1642 4,
376 1570 432 1634 ubi
466 1591 597 1653 prorsus
629 1570 812 1633 necessaria
840 1574 896 1633 out
922 1569 1095 1652 particula,
1128 1570 1182 1653 qui
1212 1570 1295 1634 tueri

138 1668 301 1740 Numidis
318 1681 347 1740 et
360 1675 503 1740 Gaetulis
524 1675 665 1740 Rothius
688 1697 719 1758 p.
732 1676 793 1739 177
817 1675 970 1757 potuerit,
993 1696 1089 1759 aegre
1113 1675 1296 1758 intellegas.

240 1779 363 1845 Ibidem
391 1780 522 1863 prodita
549 1779 583 1844 in
612 1779 706 1844 libris
730 1781 830 1845 verba
852 1781 1021 1844 addacem
1042 1801 1208 1844 romonum
1224 1802 1295 1862 per-

144 1885 259 1950 umere
282 1889 431 1970 petiisse,
463 1887 498 1950 in
531 1885 649 1970 quibus
681 1886 830 1970 ineptum
863 1891 914 1950 est
945 1886 1058 1950 ducem
1090 1887 1296 1970 potissimum

148 1993 407 2075 commemorari,
430 1992 493 2056 etsi
516 1991 557 2055 ad
581 2013 693 2055 sanam
718 1992 914 2077 eandemque
938 1993 1019 2057 satis
1043 1993 1210 2076 eleganter
1232 1995 1295 2058 ela-

153 2088 230 2156 tam
249 2098 441 2162 sententiam
458 2095 645 2180 Schopenus
665 2097 749 2181 apud
763 2096 1009 2163 Fleckeisenum
1028 2099 1129 2181 praef.
1143 2098 1214 2166 Ter.
1229 2122 1259 2183 p.
1273 2118 1296 2163 v

159 2189 212 2256 1Ῑο
232 2204 403 2268 revocavit:
434 2203 548 2268 adduci
568 2202 705 2267 Rornam
731 2203 831 2294 ibique
857 2206 984 2269 euenire
1004 2206 1155 2287 potuisse,
1187 2210 1296 2270 tamen

162 2312 224 2365 ⁰¹11
252 2307 332 2373 haud
364 2308 474 2391 paullo
511 2308 669 2372 leniorem
700 2308 810 2374 lucebi
843 2311 998 2375 Gronovii
1035 2311 1296 2376 emendationem

164 2416 341 2481 spernamus
365 2415 464 2479 ddum
486 2414 517 2478 b.
542 2436 568 2478 e.
590 2416 751 2479 minum
774 2438 833 2499 pro
856 2418 960 2481 ducem
983 2417 1184 2500 reponentis,
1207 2440 1297 2481 eaus-

164 2520 311 2585 ⁸²²111uon
334 2521 438 2585 video.
474 2520 557 2585 Esto
581 2525 618 2585 ut
640 2520 809 2604 proprium
833 2522 878 2586 sit
897 2521 947 2587 ‘de
971 2523 1073 2586 servis
1097 2508 1297 2588 vaenalibus'

161 2613 266 2691 adduci
295 2628 441 2693 verbum:
487 2632 522 2691 at
554 2649 613 2692 nec
645 2628 753 2692 minus
786 2629 916 2712 proprie
948 2629 999 2692 vel
1032 2628 1213 2693 hereditate
1245 2629 1297 2693 vel

160 2731 317 2812 emptione
349 2756 401 2800 res
435 2734 600 2817 quaelibet
633 2733 673 2798 ad
707 2733 849 2817 aliquem
875 2736 1039 2815 perrcenire
1070 2734 1201 2815 dicitnr,
1238 2757 1297 2799 uec

155 2837 284 2904 0¹11111'no
317 2841 516 2924 proprietate
548 2841 722 2905 verborum
752 2862 832 2923 opus
863 2844 914 2904 est
943 2839 998 2904 ubi
1029 2839 1111 2903 nihil
1141 2840 1206 2904 nisi
1235 2840 1298 2904 hoo

152 2938 274 3027 agitur,
296 2952 331 3011 ut
353 2969 419 3011 non
442 2946 590 3030 intellegi
614 2946 793 3010 declaretur
817 2945 977 3029 quomodo
1003 2946 1044 3009 ab
1068 2946 1158 3009 Afris
1182 2951 1297 3029 captus

144 3044 254 3113 noea
275 3074 383 3115 servus
408 3052 477 3115 fieri
500 3051 640 3116 Romani
662 3051 805 3117 hominis
829 3052 982 3134 potuerit.
1019 3050 1169 3117 Ceterum
1193 3053 1298 3116 ducem

143 3150 235 3215 Vere
249 3155 383 3221 Rothius
402 3157 485 3222 dixit
503 3157 570 3223 iam
593 3158 635 3221 ab
660 3180 698 3222 eo
721 3158 842 3222 lectum
864 3158 920 3242 qui
944 3158 1189 3243 epigrammatis
1212 3158 1298 3241 apud

138 3231 373 3326 Bllrmannum
398 3280 434 3345 11,
457 3263 537 3347 220,
560 3262 645 3346 apud
669 3261 834 3347 Meyerum
858 3264 937 3348 845,
961 3264 1045 3328 hunc
1068 3286 1196 3329 versum
1220 3263 1299 3329 fecit

140 3374 365 3412 &—

158 3536 185 3553 ..
231 3467 253 3537 ')
270 3470 396 3540 Quinque
414 3488 487 3540 quae
501 3471 591 3526 exemi
606 3473 736 3542 exempla
750 3474 819 3527 haee
834 3475 909 3527 sunt:
930 3475 1028 3528 bellum
1038 3473 1161 3528 Siculum
1171 3474 1244 3541 Aug.
1258 3481 1298 3541 16,

130 3529 296 3611 ⁴8tentiae
314 3565 357 3628 ro,
379 3559 557 3628 ramae
575 3562 647 3629 Aug.
662 3567 704 3615 ro.
725 3561 786 3615 rib.
801 3567 827 3628 c,
851 3562 1029 3616 recreatum
1048 3563 1127 3616 nom.
1146 3570 1169 3618 1.
1194 3560 1299 3615 eontra

130 3633 233 3697 ‘luae
248 3664 346 3717 magna
363 3647 516 3703 munceio
534 3649 634 3703 uuum
654 3651 743 3704 valet:
772 3649 875 3704 earlier
893 3652 1037 3720 aureaque
1055 3652 1118 3705 oeni
1141 3654 1171 3705 et
1194 3649 1300 3703 carras·

131 3703 226 3785 δεῖτε·
241 3735 286 3789 lul.
300 3742 342 3804 ce,
361 3734 479 3790 omae
497 3737 573 3791 uere
592 3744 634 3804 ec,
656 3738 832 3806 eurupam
851 3739 948 3793 oenum
966 3740 1037 3808 Aug.
1058 3747 1100 3807 13,
1122 3740 1298 3807 perrupere

135 3806 172 3852 0⁸
200 3818 320 3877 murm
338 3823 363 3877 o.
381 3823 419 3877 ib.
430 3829 474 3892 aa,
494 3825 629 3880 cimbrico
650 3827 826 3894 crassaque
844 3828 868 3880 o.
887 3826 924 3882 u.
935 3834 978 3895 ur,
999 3829 1157 3881 Muciana
1171 3829 1193 3882 u.
1210 3826 1296 3883 iuer.

136 3883 189 3948 (ἴε
216 3909 277 3964 rra
297 3916 325 3978 ι,
353 3912 520 3967 omnuim
539 3915 562 3968 u.
588 3915 660 3984 Aug.
680 3920 727 3982 er,
755 3916 947 3969 Amanum
966 3917 989 3971 u
1014 3916 1075 3969 mn.
1096 3923 1126 3982 4,
1153 3915 1297 3968 notram

149 3971 379 4069 Vindicemque
396 4001 422 4057 o.
441 3996 682 4069 offensando
701 4003 725 4058 o.
740 4009 783 4068 37,
803 4002 964 4057 Gemanica
979 4005 1003 4057 o.
1018 4005 1082 4058 Ner.
1093 4011 1119 4070 4,
1144 4005 1297 4058 versertur

147 4059 179 4122 b.
204 4080 279 4141 Galb.
298 4093 323 4156 8,
340 4087 489 4143 Samnitici
507 4090 531 4144 b.
551 4090 607 4145 Vit
621 4097 644 4144 1.
664 4122 696 4130 -
719 4090 824 4145 ciuilia
842 4092 912 4145 bella
932 4091 975 4144 vel
994 4093 1076 4145 daile
1094 4095 1191 4146 bellum
1210 4094 1296 4146 habes

154 4150 219 4223 lul,
234 4179 269 4230 tt.
285 4181 327 4232 42.
346 4182 389 4232 68.
408 4181 451 4232 83.
471 4184 514 4244 86,
534 4180 605 4247 Aug.
625 4185 669 4245 83,
689 4178 784 4232 Claud.
808 4186 848 4246 13,
872 4180 935 4235 Ner.
956 4187 984 4246 2,
1004 4179 1088 4248 Vesp.
1108 4187 1133 4248 7,
1153 4181 1225 4235 Dom
1254 4189 1295 4249 10,

162 4240 203 4303 ⁸0
222 4259 280 4319 rur
298 4272 326 4320 ι,
353 4266 452 4322 raum
469 4269 552 4321 aneu
574 4268 619 4321 ver
638 4268 708 4321 uena
726 4269 824 4321 curru
851 4268 900 4321 lul.
921 4274 962 4321 rr.
983 4274 1024 4322 so.
1046 4274 1088 4322 54.
1111 4274 1152 4336 re,
1181 4272 1251 4340 Aug.
1271 4278 1294 4326 e.

169 4332 217 4393 ἶ·
230 4352 266 4406 fl.
278 4357 322 4423 40,
338 4352 681 4425 Claud.13,Veup.l.12,
701 4357 779 4409 Dom.
792 4363 816 4409 6.
838 4387 869 4395 —
892 4357 1020 4410 Ceterum
1040 4357 1188 4410 finitimum
1209 4375 1295 4427 genus

308 4456 337 4497 ιι.
354 4448 419 4511 aro,
438 4451 480 4499 ιι.
506 4452 509 4456 ’
