2924 5046
140 360 143 367 ·
183 324 249 388 420
538 344 599 389 me
624 342 971 391 sonulsususuunnnr

185 482 341 567 gefuhren
365 482 625 549 Besohaffenheit
648 487 739 570 jenes
764 484 1027 550 Verzeiehnisses
1056 503 1118 567 ger
1146 482 1299 567 niehtsg

186 595 288 652 wusst
307 589 422 672 haben,
441 612 535 654 wenn
553 592 645 655 nieht
663 591 763 656 durch
784 593 874 655 einen
894 590 1076 655 besomlern
1091 588 1199 654 Zufall
1217 586 1299 652 siuet

185 693 240 758 des
264 695 444 778 gedachten
464 696 590 761 Briefos
614 698 763 762 wortlieh
786 704 895 761 wtiren
918 718 981 761 von
1001 695 1169 760 Rufinus
1194 697 1227 759 in
1248 697 1299 759 sei]

184 820 289 885 gegeu
308 800 527 886 Hieronymus
547 798 1175 889 geriehteteApoloyio(=1uoeetieae)
1194 800 1286 865 Buoh

185 906 263 991 Cap.
286 909 329 972 20
358 909 605 993 autgenommen
635 911 779 976 worden:
807 909 940 992 Sttielre,
968 931 1026 972 eus
1050 909 1153 972 denen
1177 908 1230 971 die
1254 906 1299 971 He

185 1015 342 1097 ausgeber
370 1014 425 1079 des
448 1015 670 1100 Hieronymus
701 1018 794 1081 einen
818 1015 1047 1080 liiekenhaften
1070 1014 1164 1078 Brief
1183 1015 1230 1079 ad
1249 1014 1299 1077 Po

189 1119 252 1184 tum
275 1126 587 1207 zusammengesetzt
610 1124 675 1188 und
699 1124 760 1187 mit
783 1123 884 1186 vieler
909 1120 1053 1184 Willkur
1075 1120 1138 1184 den
1163 1121 1198 1184 in
1224 1119 1299 1185 Han

186 1225 344 1290 Schriften
365 1228 552 1294 erheltenen
568 1227 700 1292 Briefen
713 1229 769 1293 des
784 1226 1005 1311 Hieronymus
1019 1227 1214 1291 einverleibt
1227 1227 1299 1292 hair

186 1329 253 1415 (bei
277 1333 421 1397 Vallersi
450 1357 498 1418 ep.
527 1333 593 1420 33).
639 1335 712 1399 Und
740 1357 826 1398 zwar
854 1335 958 1398 lautet
984 1333 1036 1397 die
1061 1332 1161 1397 Stelle
1191 1333 1247 1398 des
1271 1332 1299 1397 R

132 1461 173 1501 em
188 1438 271 1501 finus
295 1439 339 1502 im
364 1440 665 1527 Zusammenhenge
689 1442 771 1506 also:

230 1565 236 1573 ·
276 1543 438 1610 Libellum
471 1547 630 1630 quendam
663 1548 807 1612 scribens
836 1546 1106 1630 comprehendere
1134 1547 1227 1631 qnasi
1256 1546 1299 1610 im

187 1649 259 1713 culo
290 1652 429 1734 quodem
458 1654 574 1735 voluit,
605 1659 727 1738 quanta
756 1654 840 1736 apud
868 1653 1002 1716 Latinos
1026 1652 1131 1716 Varro
1160 1654 1299 1736 scripser

189 1758 221 1817 et
243 1767 364 1838 quanta
387 1761 472 1843 apud
496 1768 624 1827 nostros
648 1762 804 1846 Origenes
827 1763 860 1824 in
885 1760 1031 1842 Graecis,
1055 1762 1089 1826 in
1113 1781 1177 1843 quo
1202 1760 1299 1825 itaet

187 1861 236 1924 M.
252 1863 429 1930 Terenti-um
449 1869 618 1933 Varronem
641 1871 777 1933 miratur
798 1868 979 1947 aute'quitos,
1002 1867 1084 1946 quod
1105 1865 1193 1946 apud
1205 1864 1299 1928 Imtiu

187 1973 252 2032 tam
274 1972 512 2040 innumerabiles
536 1976 630 2039 libros
651 1975 814 2056 sem‘pserit.
851 1972 964 2036 Graeci
987 1970 1224 2035 Citateeuterum
1246 1971 1299 2033 mii

186 2075 319 2154 efferum
341 2079 492 2164 trudibus,
514 2082 596 2162 quoti
617 2085 718 2145 tontes
741 2080 834 2144 libros
852 2079 1061 2159 eoumosuerit,
1083 2082 1217 2158 qemutos
1233 2077 1299 2159 quii

186 2186 326 2246 uestrum
348 2185 464 2251 atieum
484 2208 543 2251 sua
565 2209 662 2251 uesieu
680 2187 843 2252 describere
860 2207 923 2250 uou
935 2185 1044 2267 possit.
1081 2183 1128 2246 Et
1144 2184 1221 2265 quio
1239 2205 1299 2247 nou

186 2288 317 2352 otiosum
339 2296 382 2354 est
404 2294 489 2374 opud
504 2293 636 2357 Latinos
656 2292 845 2356 Graecorum
866 2290 1058 2355 voluminum
1076 2289 1210 2352 iudicem
1228 2294 1299 2353 uui

187 2395 224 2457 ele
251 2415 285 2459 eo
313 2398 368 2477 qui
395 2398 489 2462 tut-tue
511 2400 763 2481 summitatique
785 2395 1036 2476 commemorate,
1065 2400 1103 2457 ut
1123 2395 1297 2478 intell-tumn

186 2520 243 2564 uos
260 2501 458 2582 minuentes
475 2507 609 2569 dormire
626 2527 778 2583 soueuum,
796 2509 825 2569 et
841 2504 987 2579 studium,
1004 2501 1086 2582 qued
1098 2500 1149 2564 uu
1160 2522 1297 2583 pumen«

187 2607 222 2669 iu
244 2610 413 2695 mortitium
435 2612 641 2675 saecularium
666 2606 882 2694 tumerent),
904 2629 961 2672 uos
979 2609 1013 2670 iu
1031 2609 1254 2690 eouyreyomtis
1270 2630 1299 2690 oy

187 2715 242 2779 bus
265 2737 386 2796 ponere.
430 2717 564 2799 Scripsit
590 2719 692 2799 itaque
720 2718 819 2783 Varro
847 2715 1056 2797 quodruyiuto
1084 2715 1299 2796 qumquem

188 2821 431 2902 Antiquitatum,
453 2828 599 2905 quattuor
620 2825 657 2887 de
679 2825 744 2887 vitu
761 2820 1040 2908 pometiRomu-ui.
1090 2818 1137 2885 Et
1160 2843 1235 2885 eum
1258 2842 1297 2885 en

190 2931 349 2990 meresset
371 2950 429 3010 per
452 2928 582 3013 singula
601 2929 712 2992 omnia
730 2951 812 3012 quae
828 2927 932 2992 Varro
952 2928 1092 3011 scripsit,
1115 2926 1242 2992 eddidit
1259 2950 1299 3011 po

189 3031 281 3096 haee:
311 3034 462 3112 (tumme-m
493 3035 644 3099 Varronis
666 3041 694 3098 et
716 3033 906 3099 (Jtmteeuteri
928 3034 1040 3097 mentio
1062 3032 1147 3112 sacto
1170 3034 1222 3115 sit,
1244 3054 1299 3115 quo

187 3140 281 3203 ritis?
316 3140 457 3204 Videlicet
478 3146 513 3204 ut
530 3142 574 3205 (ut
590 3141 819 3205 Adoumutium
837 3136 1299 3223 uestrum³)-uostmmque01u

188 3250 340 3309 centenum
354 3248 520 3329 verriumus,
538 3248 593 3327 qui
607 3252 691 3310 teuto
707 3249 740 3310 iu
754 3252 933 3312 sauctorum
947 3247 1175 3328 scripturo-rum
1188 3268 1299 3311 coruum

189 3352 281 3415 tortis
306 3351 416 3415 sudore
443 3351 641 3436 laboravit),
672 3358 707 3416 ut
733 3354 811 3417 iuste
833 3353 1022 3417 Adorrmutii
1048 3373 1158 3416 remum
1181 3372 1299 3433 aeoeyrer

195 3457 295 3522 Vultis
321 3479 454 3537 uoseere,
481 3464 599 3540 quauta
627 3460 744 3541 iuyeuii
770 3461 822 3524 sui
849 3460 1006 3541 reliquerit
1028 3458 1240 3522 mouiueenta?
1281 3458 1299 3521 i

187 3585 282 3647 queue
305 3567 414 3631 titulus
435 3568 571 3632 ostendit
609 3565 742 3648 Scripsit
763 3568 799 3631 iu
817 3565 960 3631 Genesim
979 3564 1073 3628 libros
1090 3565 1240 3644 tredecim,
1263 3564 1299 3629 Μ

188 3673 337 3736 sticarum
358 3671 560 3737 homiliarum
579 3673 672 3737 libros
689 3674 774 3756 duos,
796 3675 832 3736 iu
849 3671 959 3736 Exodo
977 3675 1126 3753 exempta,
1148 3672 1184 3735 iu
1202 3672 1299 3737 leniti

188 3783 337 3860 excerpto.
382 3778 427 3842 Et
453 3783 529 3862 post
551 3779 656 3843 multe
679 3781 751 3843 item
774 3779 880 3862 inquit
902 3777 1097 3855 monobiblia,
1120 3774 1197 3861 περὶ
1220 3773 1299 3862 ἀρχό

190 3884 283 3949 libros
307 3890 465 3967 qieottuor,
487 3887 524 3950 de
547 3887 764 3951 resurreetione
778 3885 883 3951 ‘libros
908 3886 996 3959 duee,
1019 3890 1049 3947 et
1072 3885 1152 3949 otios
1174 3885 1213 3949 rte
1233 3904 1299 3950 rem

263 4082 288 4146 1)
307 4095 363 4133 uou
381 4079 425 4133 fflr
443 4079 494 4132 des
512 4096 588 4132 nune
605 4079 655 4133 der
673 4079 783 4133 Drueke
802 4078 875 4133 habe
893 4077 939 4132 ioh
959 4076 1019 4131 hier
1037 4075 1193 4147 anticiput„

260 4170 287 4235 2)
307 4166 344 4221 So
363 4167 424 4222 eod.
443 4165 525 4220 Gom.
546 4166 590 4221 fiir
607 4170 817 4236 seripturarum.

260 4260 287 4321 3)
305 4261 429 4310 uestrum
447 4271 497 4309 eus
516 4255 677 4310 demselben
696 4256 756 4310 eod.
775 4254 969 4325 hinzugefttgt.

259 4348 287 4413 4)
306 4344 472 4414 Antioipirte
494 4344 596 4400 Lesurt.
625 4350 703 4399 tauto
725 4346 817 4399 studio
840 4347 872 4398 tu
888 4350 1047 4399 sauctorum
1068 4344 1274 4412 seripturarum
1292 4344 1299 4396 t

190 4431 253 4486 bore
269 4433 380 4487 uerterit
398 4434 443 4488 dio
462 4433 592 4503 vulgate,
611 4433 668 4488 und
686 4435 759 4488 ohne
777 4435 868 4488 studio
886 4434 946 4489 eod.
966 4433 1050 4490 Gom.
