2924 5046
176 310 241 390 364
599 329 645 373 ns
670 329 704 375 n.
728 329 901 376 vnnsoms

175 470 294 535 metica
319 470 476 534 Varronis
501 468 619 534 hausta
642 492 711 534 esse
734 469 814 534 haec
838 470 973 535 Favonii
997 472 1128 557 Eulogii
1153 473 1189 536 in
1213 470 1282 538 Son

176 574 260 658 Scip.
283 599 313 659 p.
336 578 399 641 407
425 576 535 641 Orell:
567 578 610 640 od
635 577 716 641 1111111
745 599 908 642 aeneorum
935 578 1087 655 1111111111,
1118 584 1155 642 ret
1188 579 1282 644 Varrr

171 684 281 767 placet,
305 686 427 749 1111111118
449 704 556 749 corsus
578 686 717 767 congruit
739 687 894 763 revolutio,
917 707 994 767 quoe
1011 687 1046 749 111
1060 684 1282 751 1111111111

174 811 262 855 11111111
294 791 374 854 tanti
404 791 514 855 sideris
546 791 648 855 leenrcn
680 791 830 856 celrarnit.
886 791 974 867 Quae
1007 792 1230 877 unusquisque
1265 816 1280 858 s

175 901 290 982 sponte
318 895 481 979 intellegit
508 896 614 960 locum
643 896 742 961 etiam
766 897 799 960 in
823 896 1001 980 astrologia
1023 897 1144 962 habere
1167 900 1282 982 potuis

174 1003 327 1067 habuisse
352 1007 460 1066 autem
485 1004 518 1066 in
533 1002 712 1087 geometria
735 1003 904 1087 intelleget
925 1003 980 1086 qui
1000 1003 1071 1083 §17
1097 1025 1116 1066 a
1139 1004 1238 1069 nobis
1262 1005 1282 1068 d

176 1114 291 1195 putata
313 1108 497 1194 perlegerit.
543 1109 712 1174 Krahnero
741 1108 842 1192 igitur
866 1130 943 1172 cave
967 1110 1145 1175 assentiare
1170 1110 1213 1174 ad
1237 1111 1282 1175 He

175 1216 348 1281 domadum
372 1215 489 1279 librum
513 1216 652 1299 primum
676 1214 734 1279 illa
757 1214 908 1278 referenti
932 1237 1046 1280 comm.
1066 1215 1104 1279 de
1119 1216 1217 1281 Varr.
1242 1240 1282 1283 au

174 1324 253 1407 quit.
277 1346 306 1406 p.
330 1323 364 1406 9.Ι
407 1321 476 1397 Quo
505 1322 604 1403 libro,
628 1327 793 1404 tamquam
823 1322 989 1405 prooemio
1013 1322 1093 1405 ipsis
1117 1322 1282 1408 lnraginib

175 1428 410 1511 breviculisque
440 1450 549 1492 earum
579 1428 862 1512 explanationibus
890 1429 1082 1511 praemisso,
1115 1431 1178 1493 etsi
1201 1430 1282 1495 den

175 1535 271 1598 meris
287 1533 390 1598 multa
410 1538 443 1598 et
461 1534 617 1618 exquisite
637 1539 670 1597 et
687 1534 908 1618 frigidiuscule
928 1541 1082 1618 congesta
1101 1558 1172 1599 esse
1192 1560 1209 1600 e
1227 1536 1282 1601 Gel

175 1641 238 1723 ill,
266 1643 305 1705 10
337 1645 485 1724 apparet,
517 1647 625 1705 tamen
656 1642 696 1705 ad
721 1624 824 1705 uirum
856 1640 935 1704 haec
964 1641 1071 1704 omnia
1099 1644 1282 1725 septenarie

150 1770 342 1813 'numerum
366 1748 570 1830 spectabant:
604 1747 693 1811 ouius
718 1747 780 1810 etsi
804 1747 1000 1829 aliquotiens
1033 1749 1118 1831 apud
1142 1747 1282 1834 Eulogii:

175 1855 284 1940 paullo
319 1857 395 1918 ante
428 1853 550 1917 mentio
583 1854 633 1935 fit,
666 1859 776 1917 tamen
809 1855 881 1936 ipsa
913 1853 983 1937 illa,
1015 1855 1131 1937 quibus
1162 1855 1282 1921 Varror

175 1961 403 2027 auctoritatem
427 1958 585 2042 adhibuit,
609 1960 708 2023 verbs
732 1960 772 2023 ad
795 1961 1013 2043 septenarium
1036 1984 1208 2026 numerum
1233 1964 1282 2027 nu'

176 2054 272 2134 modo
291 2066 461 2152 pertinent.
477 2104 518 2111 —
534 2063 685 2130 Ceterum
704 2067 743 2130 de
762 2066 967 2132 arithmetica
992 2069 1030 2133 of.
1046 2069 1151 2134 etiam*
1171 2072 1257 2150 §IL
1275 2075 1282 2134 1

713 2263 785 2341 §s

135 2408 161 2447 11
267 2389 294 2450 1.
318 2384 449 2470 Septem
469 2386 713 2470 disciplinarum
733 2386 853 2467 indicia
871 2389 1030 2471 persecuti
1046 2411 1171 2453 sumus:
1195 2393 1282 2454 resta

175 2494 256 2559 duae
280 2515 362 2577 quae
385 2493 419 2556 in
444 2498 567 2576 septem
587 2493 706 2557 artium
726 2493 837 2558 orbem
855 2494 982 2559 novicia
1000 2494 1234 2560 consuetudine
1254 2496 1282 2559 111

175 2606 282 2666 tarum
306 2621 370 2664 non
394 2604 470 2663 sunt
493 2603 649 2682 receptae.
687 2597 808 2663 Earum
833 2623 929 2664 unam
953 2601 1054 2664 fuisse
1078 2601 1280 2666 architeet

175 2731 254 2773 ram
278 2704 373 2793 (quae
397 2705 598 2782 Quintiliano
622 2706 668 2788 Il,
691 2707 744 2788 21,
767 2707 787 2770 8
812 2709 862 2770 est
884 2704 1124 2788 architectonice)
1149 2707 1283 2771 Vitruvi

175 2819 323 2880 testatur.
360 2812 459 2878 Graius
483 2813 650 2896 scriptoris
674 2814 760 2896 quod
783 2795 901 2876 multis
917 2813 996 2879 locis
1020 2814 1183 2897 impressa
1203 2812 1282 2878 Vari

176 2923 266 2986 niani
295 2920 453 2984 sermonis
482 2923 515 2983 ct
540 2919 663 3002 ingenii
693 2919 832 3003 vestigia
860 2920 1032 3003 agnovisse
1062 2920 1122 2983 sibi
1157 2920 1282 2983 visus<

177 3026 389 3092 Schneiderus
414 3049 485 3091 ann.
509 3027 543 3090 iu
564 3024 626 3088 Vll
650 3026 759 3108 praet,
791 3026 823 3088 id
848 3026 907 3089 etsi
931 3049 997 3090 non
1020 3027 1187 3110 potuimus
1212 3025 1282 3090 dedi

176 3157 276 3217 opera
298 3133 392 3216 quale
416 3134 459 3197 sit
481 3132 650 3217 inquirere,
673 3135 783 3196 tamen
808 3133 944 3197 multum
969 3155 1114 3197 veremur
1136 3154 1178 3196 uc
1201 3133 1282 3198 levit

177 3239 388 3303 similitudine
412 3244 445 3302 ct
463 3260 546 3322 quae
560 3239 657 3322 louge
677 3238 758 3302 alias
777 3260 907 3304 caussas
927 3240 1087 3324 aliamque
1107 3238 1173 3303 vim
1193 3238 1282 3304 habe

177 3369 273 3431 quam
298 3367 375 3410 vera
397 3345 556 3409 affinitate
580 3346 712 3408 nitetur.

266 3452 295 3515 2.
340 3450 467 3516 Nonam
502 3455 611 3515 autern
646 3448 849 3534 disciplinari]
881 3474 978 3536 quam
1009 3453 1197 3535 putabimus
1231 3476 1282 3518 ess

177 3560 251 3625 Nou
280 3559 378 3623 mirer
406 3559 434 3621 si
463 3559 535 3642 quis
564 3558 602 3621 dc
625 3559 697 3641 ipsa
717 3558 911 3641 philosoph-ic
933 3559 1055 3643 cogitet
1078 3561 1187 3624 motus
1211 3561 1282 3647 Aug

178 3667 256 3732 stini
288 3665 435 3747 exemplo
469 3664 503 3748 (ξ
531 3662 576 3750 1),
610 3666 692 3748 apud
726 3688 820 3750 quem
854 3686 1005 3750 magnam
1038 3665 1137 3730 fuisse
1161 3664 1282 3732 Varror

178 3772 405 3836 auctoritatem
436 3775 572 3835 constat.
622 3770 667 3835 Et
696 3771 865 3855 scripsisse
896 3794 972 3836 saue
995 3771 1177 3836 Varronem
1207 3773 1282 3839 libr-r

176 3881 213 3942 dc
225 3877 421 3960 pleilesqun'o
443 3880 533 3940 extra
552 3877 786 3942 dubitationem
806 3879 949 3961 positum
970 3882 1031 3943 est:
1056 3900 1156 3962 equo
1176 3880 1282 3966 ample

177 3986 273 4069 idque
297 3986 378 4050 satis
403 3984 612 4048 memorabile
635 3984 855 4069 fragmentum
879 3989 987 4050 exstat
1009 3985 1065 4049 lib.
1080 3983 1160 4050 XIX
1174 3985 1217 4051 de
1235 3987 1282 4055 eir

179 4093 229 4156 dei
259 4116 285 4157 c.
312 4095 337 4156 1.
360 4093 381 4156 2
405 4095 437 4155 ct
460 4092 490 4154 3.
541 4089 629 4156 lnter
656 4112 750 4174 quem
779 4091 898 4155 librum
927 4091 1132 4175 eiusdemque
1160 4090 1282 4161 vermi

177 4201 213 4263 dc
235 4201 339 4279 tornea
357 4197 568 4280 philosophiae
590 4198 764 4275 sementem,
788 4219 805 4260 e
828 4219 892 4281 quo
916 4196 1085 4262 Charisius
1103 4197 1119 4261 I
1142 4220 1174 4283 p.
1185 4198 1231 4264 19
1253 4220 1282 4267 α

172 4307 281 4387 parim
311 4306 463 4385 [1111111111
491 4326 599 4387 penem
631 4306 737 4382 affert,
773 4306 1006 4388 perobscurum
1038 4308 1089 4369 est
1111 4325 1206 4389 ‘quae
1237 4324 1282 4373 rm

178 4411 402 4476 intercesserit
448 4409 634 4475 Schneideri
662 4411 748 4475 enim
771 4432 885 4475 comm.
909 4411 947 4476 de
971 4411 1040 4477 vita
1062 4414 1096 4477 ct
1117 4432 1179 4479 scr.
1200 4414 1282 4501 [12
