2924 5046
246 325 363 375 unm
385 307 541 374 rmunu’s
564 326 590 374 a.
605 326 734 374 sanein
760 326 826 374 ons
852 325 876 372 1.
889 326 1013 376 aucus.
1137 311 1200 376 631

145 468 207 536 Hic
228 469 352 554 placet,
375 464 523 555 angustis
547 469 630 555 quod
656 492 773 555 equum
796 471 973 555 compescit
997 470 1148 536 habenis:
1201 532 1205 539 .

186 575 250 641 Hic
272 575 433 660 placidam
456 576 550 640 niveo
573 579 703 661 pectore
726 577 820 660 pellit
844 599 970 662 aquam.

143 681 219 766 Hic,
242 683 320 767 quia
341 680 437 746 fortis
461 681 554 748 adest
578 682 728 766 audacia,
752 684 855 766 cepit:
880 683 986 748 atilli

186 769 363 874 Virgineus
386 792 512 853 teneras
536 792 602 853 stat
625 789 729 873 pudor
752 793 827 853 ante
849 810 960 874 genas.

144 898 204 981 Tu,
226 886 327 982 puero
352 897 574 982 quodcumque
597 901 654 961 tuo
678 901 803 962 tentare
826 898 954 982 libebit,
1165 919 1199 968 39

186 1003 303 1071 Gedas:
328 1004 484 1089 obsequio
507 1003 647 1088 plurima
671 1004 773 1069 vincit
796 1026 897 1069 amor.
1165 1026 1200 1074 40

143 1109 191 1176 Ne
214 1133 321 1177 comes
345 1111 392 1175 ire
414 1131 528 1195 neges,
551 1111 698 1195 quamvis
723 1111 775 1175 via
797 1111 896 1196 longa
919 1114 1052 1195 paretur

184 1215 231 1282 Et
253 1217 342 1281 canis
366 1218 473 1283 arenti
496 1221 620 1282 torreat
643 1240 720 1282 arva
743 1219 812 1302 siti,

146 1323 295 1401 Quamvis
318 1328 510 1408 praetexens
534 1325 627 1410 picea
649 1324 811 1411 ferrugine
835 1326 960 1391 caelum

184 1430 365 1497 Venturam
389 1431 543 1496 admittat
564 1432 718 1497 nimbifer
739 1431 845 1496 Eurus
870 1455 998 1516 aquam.

148 1537 206 1603 Vel
230 1538 258 1602 si
281 1538 446 1602 caeruleas
469 1537 570 1622 puppi
593 1539 682 1603 volet
705 1538 751 1602 ire
774 1559 831 1622 per
854 1538 970 1622 undas,

183 1646 258 1729 lpse
281 1645 384 1709 levem
407 1666 496 1709 remo
520 1667 578 1728 per
600 1645 683 1709 freta
704 1645 791 1727 pelle
815 1648 929 1710 ratem.

144 1750 263 1817 Necte
286 1751 452 1836 paeniteat
475 1750 572 1816 duros
595 1751 733 1815 subiisse
756 1752 886 1817 labores

183 1861 252 1923 Aut
275 1880 375 1941 opera
398 1858 543 1922 insuetas
567 1857 738 1923 atteruisse
761 1882 893 1925 manus:

144 1963 221 2048 Neo,
244 1965 325 2029 velit
346 1964 473 2029 insidiis
497 1964 581 2029 altas
605 1965 632 2028 ai
656 1964 802 2029 claudere
826 1965 937 2049 valles,

182 2069 269 2135 Dum
292 2071 436 2155 placeas,
459 2070 563 2136 umeri
586 2072 667 2137 retia
690 2071 772 2135 ferre
795 2075 924 2157 negent.

144 2175 173 2243 Si
196 2178 285 2244 volet
307 2200 411 2262 arma,
433 2178 499 2243 levi
521 2177 664 2244 tentabis
688 2178 798 2242 ludere
820 2179 948 2245 dextra:

182 2284 285 2370 Saepe
308 2286 401 2350 dabis
423 2285 559 2368 nudum,
582 2285 693 2349 vineat
716 2289 753 2350 ut
775 2285 843 2368 ille,
865 2287 961 2351 latus.

142 2391 230 2457 'l'unc
252 2392 314 2456 tibi
337 2392 426 2456 mitis
450 2391 527 2476 erit,
549 2390 659 2476 rapias
683 2395 752 2456 tum
776 2414 852 2456 cara
875 2392 989 2458 licebit

181 2496 314 2563 Oscula:
338 2499 510 2583 pugnabit,
534 2498 589 2564 sed
613 2502 722 2563 tamen
746 2501 823 2582 apta
845 2499 946 2565 dabit.

135 2602 246 2690 Rapta
268 2606 360 2670 dabit
381 2606 501 2690 primo,
525 2627 600 2670 mox
624 2607 737 2670 offeret
760 2606 829 2690 ipse
853 2607 998 2691 roganti:

144 2759 150 2769 .
179 2712 263 2779 Post
284 2713 385 2778 etiam
408 2713 493 2779 collo
517 2735 552 2778 se
575 2712 773 2797 implicuisse
796 2714 893 2778 volet.

134 2815 314 2883 Blanditiis
337 2819 408 2883 vult
430 2840 501 2883 esse
523 2820 633 2884 locum
656 2817 767 2883 Venus
791 2820 875 2903 ipsa:
900 2822 1054 2905 querellis

181 2923 404 3010 Supplicibus,
428 2926 556 2991 miseris
580 2926 710 2990 fletibus
734 2926 793 2990 illa
816 2927 915 2992 favet.

131 3028 207 3097 Nec
228 3032 335 3096 iurare
357 3032 450 3096 time:
474 3030 609 3097 Veneris
633 3033 776 3114 periuria
799 3033 887 3097 'venti

180 3138 281 3202 Irrita
304 3159 362 3221 per
384 3141 488 3201 terras
513 3142 546 3202 et
568 3137 652 3202 freta
674 3161 800 3203 summa
822 3139 939 3204 ferunt.

132 3243 252 3308 Gratia
274 3264 393 3328 magna
414 3243 497 3308 Iovi:
521 3243 626 3308 vetuit
648 3226 741 3327 pater
763 3244 833 3327 ipse
857 3245 979 3329 valere,

181 3350 327 3414 Iurasset
349 3349 463 3433 cupide
486 3350 640 3435 quidquid
664 3351 794 3434 ineptus
819 3373 925 3415 amor:

131 3456 261 3542 Perque
285 3479 358 3520 suas
382 3456 513 3541 impune
537 3457 617 3520 sinit
637 3456 805 3540 Dictynna
828 3459 966 3543 sagittas
1157 3481 1189 3527 25

181 3561 347 3645 Adfirmes,
370 3563 474 3628 crines
497 3584 616 3646 perque
640 3562 787 3631 Minerva
810 3586 894 3629 suos.

133 3669 199 3735 Sed
223 3692 263 3733 ne
287 3674 320 3734 te
343 3669 488 3753 capiant,
510 3670 615 3754 primo
640 3670 667 3733 si
691 3670 776 3734 forte
799 3670 947 3754 negabit,
1159 3695 1191 3743 15

112 3806 259 3822 N———.

112 3892 143 3952 le
160 3899 206 3952 fiir
223 3899 296 3964 Neu,
314 3916 372 3952 was
391 3898 440 3953 das
459 3897 781 3954 Gadanlrenverhtltniss
799 3896 990 3953 zurlickweist.

112 3984 230 4053 imbifer
259 3987 311 4040 mit
338 3987 501 4042 Heinsius
529 3988 574 4041 fur
598 3988 648 4043 das
677 3987 810 4042 metrisch
838 3986 1024 4043 unstatthufte
1051 3989 1190 4057 imbrifer,-

112 4070 198 4132 lamea
225 4078 256 4145 (s.
281 4075 461 4130 Huschke’e
484 4077 569 4145 Note)
597 4079 668 4131 statt
691 4093 785 4142 arcus,
814 4093 871 4130 was
894 4093 930 4129 an
954 4076 1013 4130 sich
1036 4078 1190 4149 untadelig,

113 4166 171 4220 och
191 4165 245 4219 mit
262 4166 366 4220 eaelum
383 4165 413 4218 in
431 4165 522 4220 dieser
540 4165 723 4235 Verbindung
741 4166 821 4219 nicht
838 4165 1016 4235 vertraglich.

112 4265 182 4317 pera
204 4255 247 4309 ale
266 4254 381 4310 Ablativ
405 4273 438 4309 au
460 4257 597 4320 insudas,
619 4255 698 4309 nieht
721 4255 794 4308 etwa
811 4254 864 4308 mit
881 4254 1003 4309 Dissen
1021 4256 1050 4309 in
1069 4261 1191 4313 turserat

112 4343 300 4414 ugefflligem
315 4343 645 4400 Constructionswechsel
659 4344 701 4398 als
715 4343 885 4399 Nominativ.
912 4344 985 4400 Vom
998 4344 1094 4399 Plural
1107 4361 1190 4416 opero

112 4432 169 4489 nst
187 4431 247 4487 sich
265 4432 352 4488 kaurn
371 4433 517 4491 Gabrauch
536 4435 661 4491 macheu.
