<?xml version="1.0" encoding="UTF-8"?>
<!DOCTYPE html PUBLIC "-//W3C//DTD XHTML 1.0 Transitional//EN"
    "http://www.w3.org/TR/xhtml1/DTD/xhtml1-transitional.dtd">
<html xmlns="http://www.w3.org/1999/xhtml" xml:lang="en" lang="en">
 <head>
  <title>
</title>
<meta http-equiv="Content-Type" content="text/html;charset=utf-8" />
  <meta name='ocr-system' content='tesseract 3.04.00' />
  <meta name='ocr-capabilities' content='ocr_page ocr_carea ocr_par ocr_line ocrx_word'/>
</head>
<body>
  <div class='ocr_page' id='page_1' title='image "./fridericiritsch01wachgoog_0381.png"; bbox 0 0 2888 5040; ppageno 0'>
   <div class='ocr_carea' id='block_1_1' title="bbox 484 361 1266 430">
    <p class='ocr_par' dir='ltr' id='par_1_1' title="bbox 484 361 1266 430">
     <span class='ocr_line' id='line_1_1' title="bbox 484 361 1266 430; baseline -0.001 -2"><span class='ocrx_word' id='word_1_1' title='bbox 484 381 758 430; x_wconf 77' lang='lat' dir='ltr'>nrscmurusavnr</span> <span class='ocrx_word' id='word_1_2' title='bbox 781 382 906 429; x_wconf 81' lang='lat' dir='ltr'>nraars.</span> <span class='ocrx_word' id='word_1_3' title='bbox 1200 361 1266 428; x_wconf 80' lang='lat'>355</span> 
     </span>
    </p>
   </div>
   <div class='ocr_carea' id='block_1_2' title="bbox 154 521 1267 1779">
    <p class='ocr_par' dir='ltr' id='par_1_2' title="bbox 154 521 1267 1779">
     <span class='ocr_line' id='line_1_2' title="bbox 154 521 1267 607; baseline 0.002 -22"><span class='ocrx_word' id='word_1_4' title='bbox 154 521 390 607; x_wconf 81' lang='lat' dir='ltr'>quemadmodum</span> <span class='ocrx_word' id='word_1_5' title='bbox 414 522 513 588; x_wconf 88' lang='lat' dir='ltr'>etiam</span> <span class='ocrx_word' id='word_1_6' title='bbox 537 521 749 590; x_wconf 78' lang='lat' dir='ltr'>Cassiodorus</span> <span class='ocrx_word' id='word_1_7' title='bbox 767 521 1019 606; x_wconf 78' lang='lat' dir='ltr'>Variar.lll,52</span> <span class='ocrx_word' id='word_1_8' title='bbox 1043 521 1082 584; x_wconf 92' lang='lat' dir='ltr'>de</span> <span class='ocrx_word' id='word_1_9' title='bbox 1101 524 1267 605; x_wconf 60' lang='lat' dir='ltr'>§cerneleia</span> 
     </span>
     <span class='ocr_line' id='line_1_3' title="bbox 157 627 1265 713; baseline 0.003 -24"><span class='ocrx_word' id='word_1_10' title='bbox 157 628 278 709; x_wconf 85' lang='lat' dir='ltr'>loquitur</span> <span class='ocrx_word' id='word_1_11' title='bbox 299 649 369 711; x_wconf 74' lang='lat' dir='ltr'>qaae</span> <span class='ocrx_word' id='word_1_12' title='bbox 389 634 519 694; x_wconf 68' lang='lat' dir='ltr'>&#39;tantam</span> <span class='ocrx_word' id='word_1_13' title='bbox 545 632 582 695; x_wconf 82' lang='lat' dir='ltr'>de</span> <span class='ocrx_word' id='word_1_14' title='bbox 608 631 783 697; x_wconf 76' lang='lat' dir='ltr'>coclestcbas</span> <span class='ocrx_word' id='word_1_15' title='bbox 810 632 948 713; x_wconf 61' lang='lat' dir='ltr'>dormiet.</span> <span class='ocrx_word' id='word_1_16' title='bbox 996 627 1057 693; x_wconf 86' lang='lat' dir='ltr'>Sed</span> <span class='ocrx_word' id='word_1_17' title='bbox 1081 632 1190 693; x_wconf 89' lang='lat' dir='ltr'>tamen</span> <span class='ocrx_word' id='word_1_18' title='bbox 1214 629 1265 692; x_wconf 87' lang='lat' dir='ltr'>his</span> 
     </span>
     <span class='ocr_line' id='line_1_4' title="bbox 164 732 1265 821; baseline 0.002 -25"><span class='ocrx_word' id='word_1_19' title='bbox 164 732 295 798; x_wconf 77' lang='lat' dir='ltr'>lebedum</span> <span class='ocrx_word' id='word_1_20' title='bbox 313 739 359 800; x_wconf 88' lang='lat' dir='ltr'>est</span> <span class='ocrx_word' id='word_1_21' title='bbox 381 739 414 800; x_wconf 92' lang='lat' dir='ltr'>et</span> <span class='ocrx_word' id='word_1_22' title='bbox 436 735 640 802; x_wconf 76' lang='lat' dir='ltr'><strong>dialecticam</strong></span> <span class='ocrx_word' id='word_1_23' title='bbox 659 737 921 821; x_wconf 78' lang='lat' dir='ltr'>praetermissam</span> <span class='ocrx_word' id='word_1_24' title='bbox 940 757 1010 800; x_wconf 89' lang='lat' dir='ltr'>esse</span> <span class='ocrx_word' id='word_1_25' title='bbox 1030 733 1120 821; x_wconf 80' lang='lat' dir='ltr'>(nam</span> <span class='ocrx_word' id='word_1_26' title='bbox 1140 735 1174 799; x_wconf 92' lang='lat' dir='ltr'>in</span> <span class='ocrx_word' id='word_1_27' title='bbox 1193 735 1265 799; x_wconf 92' lang='lat' dir='ltr'>rhe-</span> 
     </span>
     <span class='ocr_line' id='line_1_5' title="bbox 167 838 1266 928; baseline 0.004 -28"><span class='ocrx_word' id='word_1_28' title='bbox 167 838 240 902; x_wconf 85' lang='lat' dir='ltr'>torica</span> <span class='ocrx_word' id='word_1_29' title='bbox 260 840 375 924; x_wconf 89' lang='lat' dir='ltr'>quidem</span> <span class='ocrx_word' id='word_1_30' title='bbox 398 842 587 927; x_wconf 85' lang='lat' dir='ltr'>explicanda</span> <span class='ocrx_word' id='word_1_31' title='bbox 610 847 698 908; x_wconf 89' lang='lat' dir='ltr'>totus</span> <span class='ocrx_word' id='word_1_32' title='bbox 723 847 772 908; x_wconf 90' lang='lat' dir='ltr'>est</span> <span class='ocrx_word' id='word_1_33' title='bbox 795 841 964 928; x_wconf 78' lang='lat' dir='ltr'>scriptor),</span> <span class='ocrx_word' id='word_1_34' title='bbox 994 863 1053 906; x_wconf 90' lang='lat' dir='ltr'>nec</span> <span class='ocrx_word' id='word_1_35' title='bbox 1076 842 1126 907; x_wconf 86' lang='lat' dir='ltr'>vel</span> <span class='ocrx_word' id='word_1_36' title='bbox 1150 841 1266 927; x_wconf 91' lang='lat' dir='ltr'>singil-</span> 
     </span>
     <span class='ocr_line' id='line_1_6' title="bbox 169 943 1265 1033; baseline 0.005 -26"><span class='ocrx_word' id='word_1_37' title='bbox 169 943 235 1008; x_wconf 88' lang='lat' dir='ltr'>btim</span> <span class='ocrx_word' id='word_1_38' title='bbox 255 945 394 1014; x_wconf 72' lang='lat' dir='ltr'>disectae</span> <span class='ocrx_word' id='word_1_39' title='bbox 417 950 469 1014; x_wconf 86' lang='lat' dir='ltr'>vel</span> <span class='ocrx_word' id='word_1_40' title='bbox 493 953 581 1016; x_wconf 89' lang='lat' dir='ltr'>certo</span> <span class='ocrx_word' id='word_1_41' title='bbox 604 973 738 1015; x_wconf 90' lang='lat' dir='ltr'>numero</span> <span class='ocrx_word' id='word_1_42' title='bbox 759 950 908 1016; x_wconf 91' lang='lat' dir='ltr'>definitas</span> <span class='ocrx_word' id='word_1_43' title='bbox 928 950 1079 1033; x_wconf 89' lang='lat' dir='ltr'>reliquas.</span> <span class='ocrx_word' id='word_1_44' title='bbox 1112 948 1265 1033; x_wconf 85' lang='lat' dir='ltr'>Idemque</span> 
     </span>
     <span class='ocr_line' id='line_1_7' title="bbox 171 1047 1264 1150; baseline 0.002 -34"><span class='ocrx_word' id='word_1_45' title='bbox 171 1047 374 1120; x_wconf 66' lang='lat' dir='ltr'>instructorum</span> <span class='ocrx_word' id='word_1_46' title='bbox 399 1076 455 1120; x_wconf 91' lang='lat' dir='ltr'>eos</span> <span class='ocrx_word' id='word_1_47' title='bbox 478 1055 692 1140; x_wconf 91' lang='lat' dir='ltr'>philosophos</span> <span class='ocrx_word' id='word_1_48' title='bbox 716 1056 815 1140; x_wconf 89' lang='lat' dir='ltr'>cadit,</span> <span class='ocrx_word' id='word_1_49' title='bbox 849 1056 904 1140; x_wconf 92' lang='lat' dir='ltr'>qui</span> <span class='ocrx_word' id='word_1_50' title='bbox 933 1056 971 1120; x_wconf 94' lang='lat' dir='ltr'>de</span> <span class='ocrx_word' id='word_1_51' title='bbox 1001 1056 1125 1119; x_wconf 88' lang='lat' dir='ltr'>artibus</span> <span class='ocrx_word' id='word_1_52' title='bbox 1139 1055 1264 1150; x_wconf 85' lang='lat' dir='ltr'>¹libera-</span> 
     </span>
     <span class='ocr_line' id='line_1_8' title="bbox 172 1152 1265 1247; baseline 0.004 -25"><span class='ocrx_word' id='word_1_53' title='bbox 172 1152 239 1235; x_wconf 81' lang='lat' dir='ltr'>libus,</span> <span class='ocrx_word' id='word_1_54' title='bbox 256 1160 335 1226; x_wconf 89' lang='lat' dir='ltr'>utiles</span> <span class='ocrx_word' id='word_1_55' title='bbox 356 1184 397 1228; x_wconf 88' lang='lat' dir='ltr'>an</span> <span class='ocrx_word' id='word_1_56' title='bbox 421 1163 554 1228; x_wconf 89' lang='lat' dir='ltr'>inutiles</span> <span class='ocrx_word' id='word_1_57' title='bbox 578 1166 687 1228; x_wconf 87' lang='lat' dir='ltr'>essent</span> <span class='ocrx_word' id='word_1_58' title='bbox 710 1167 743 1227; x_wconf 89' lang='lat' dir='ltr'>et</span> <span class='ocrx_word' id='word_1_59' title='bbox 767 1162 1013 1246; x_wconf 87' lang='lat' dir='ltr'>aphilosophia</span> <span class='ocrx_word' id='word_1_60' title='bbox 1037 1162 1265 1247; x_wconf 81' lang='lat' dir='ltr'>segregandae,</span> 
     </span>
     <span class='ocr_line' id='line_1_9' title="bbox 173 1269 1265 1355; baseline 0.002 -24"><span class='ocrx_word' id='word_1_61' title='bbox 173 1280 259 1344; x_wconf 69' lang='lat' dir='ltr'>mgna</span> <span class='ocrx_word' id='word_1_62' title='bbox 276 1288 357 1352; x_wconf 85' lang='lat' dir='ltr'>saepe</span> <span class='ocrx_word' id='word_1_63' title='bbox 381 1291 455 1334; x_wconf 89' lang='lat' dir='ltr'>eum</span> <span class='ocrx_word' id='word_1_64' title='bbox 478 1270 684 1335; x_wconf 74' lang='lat' dir='ltr'>contentione</span> <span class='ocrx_word' id='word_1_65' title='bbox 707 1269 926 1353; x_wconf 87' lang='lat' dir='ltr'>quaesierunt:</span> <span class='ocrx_word' id='word_1_66' title='bbox 955 1291 973 1333; x_wconf 91' lang='lat' dir='ltr'>e</span> <span class='ocrx_word' id='word_1_67' title='bbox 996 1292 1133 1355; x_wconf 90' lang='lat' dir='ltr'>quorum</span> <span class='ocrx_word' id='word_1_68' title='bbox 1156 1269 1265 1354; x_wconf 90' lang='lat' dir='ltr'>dispu-</span> 
     </span>
     <span class='ocr_line' id='line_1_10' title="bbox 173 1366 1264 1460; baseline 0.01 -31"><span class='ocrx_word' id='word_1_69' title='bbox 173 1366 304 1439; x_wconf 80' lang='lat' dir='ltr'>tetombus</span> <span class='ocrx_word' id='word_1_70' title='bbox 319 1396 475 1459; x_wconf 87' lang='lat' dir='ltr'>quaenam</span> <span class='ocrx_word' id='word_1_71' title='bbox 494 1379 733 1460; x_wconf 86' lang='lat' dir='ltr'>cognoscantur</span> <span class='ocrx_word' id='word_1_72' title='bbox 755 1376 904 1452; x_wconf 85' lang='grc' dir='ltr'>ἐγκύκλια</span> <span class='ocrx_word' id='word_1_73' title='bbox 927 1378 1094 1456; x_wconf 85' lang='grc' dir='ltr'>μαθήματα</span> <span class='ocrx_word' id='word_1_74' title='bbox 1118 1375 1169 1441; x_wconf 86' lang='lat' dir='ltr'>vel</span> <span class='ocrx_word' id='word_1_75' title='bbox 1193 1397 1264 1440; x_wconf 87' lang='grc' dir='ltr'>παι-</span> 
     </span>
     <span class='ocr_line' id='line_1_11' title="bbox 174 1472 1266 1568; baseline -0.004 -18"><span class='ocrx_word' id='word_1_76' title='bbox 174 1472 280 1557; x_wconf 58' lang='grc' dir='ltr'>δεύματα,</span> <span class='ocrx_word' id='word_1_77' title='bbox 298 1479 344 1546; x_wconf 94' lang='lat' dir='ltr'>bic</span> <span class='ocrx_word' id='word_1_78' title='bbox 367 1503 526 1566; x_wconf 83' lang='lat' dir='ltr'>exponere</span> <span class='ocrx_word' id='word_1_79' title='bbox 549 1483 685 1567; x_wconf 89' lang='lat' dir='ltr'>longum</span> <span class='ocrx_word' id='word_1_80' title='bbox 708 1485 771 1545; x_wconf 88' lang='lat' dir='ltr'>est:</span> <span class='ocrx_word' id='word_1_81' title='bbox 795 1503 897 1566; x_wconf 91' lang='lat' dir='ltr'>neque</span> <span class='ocrx_word' id='word_1_82' title='bbox 921 1483 1007 1546; x_wconf 89' lang='lat' dir='ltr'>enim</span> <span class='ocrx_word' id='word_1_83' title='bbox 1030 1483 1064 1546; x_wconf 93' lang='lat' dir='ltr'>id</span> <span class='ocrx_word' id='word_1_84' title='bbox 1083 1483 1209 1568; x_wconf 91' lang='lat' dir='ltr'>agimus</span> <span class='ocrx_word' id='word_1_85' title='bbox 1229 1487 1266 1546; x_wconf 92' lang='lat' dir='ltr'>ut</span> 
     </span>
     <span class='ocr_line' id='line_1_12' title="bbox 174 1575 1265 1672; baseline 0.003 -22"><span class='ocrx_word' id='word_1_86' title='bbox 174 1575 306 1650; x_wconf 59' lang='lat' dir='ltr'>literarum</span> <span class='ocrx_word' id='word_1_87' title='bbox 333 1589 417 1672; x_wconf 89' lang='lat' dir='ltr'>apud</span> <span class='ocrx_word' id='word_1_88' title='bbox 447 1592 572 1653; x_wconf 85' lang='lat' dir='ltr'>veteres</span> <span class='ocrx_word' id='word_1_89' title='bbox 603 1588 775 1653; x_wconf 88' lang='lat' dir='ltr'>historiam</span> <span class='ocrx_word' id='word_1_90' title='bbox 805 1593 1025 1671; x_wconf 82' lang='lat' dir='ltr'>pertexamus,</span> <span class='ocrx_word' id='word_1_91' title='bbox 1058 1594 1091 1653; x_wconf 90' lang='lat' dir='ltr'>et</span> <span class='ocrx_word' id='word_1_92' title='bbox 1120 1590 1200 1653; x_wconf 88' lang='lat' dir='ltr'>satis</span> <span class='ocrx_word' id='word_1_93' title='bbox 1230 1590 1265 1653; x_wconf 88' lang='lat' dir='ltr'>iu</span> 
     </span>
     <span class='ocr_line' id='line_1_13' title="bbox 174 1676 1263 1779; baseline 0.006 -26"><span class='ocrx_word' id='word_1_94' title='bbox 174 1679 215 1747; x_wconf 74' lang='lat' dir='ltr'>lot</span> <span class='ocrx_word' id='word_1_95' title='bbox 231 1676 324 1770; x_wconf 81' lang='lat' dir='ltr'>genere</span> <span class='ocrx_word' id='word_1_96' title='bbox 345 1693 542 1779; x_wconf 82' lang='lat' dir='ltr'>Wowerius,</span> <span class='ocrx_word' id='word_1_97' title='bbox 566 1693 717 1778; x_wconf 86' lang='lat' dir='ltr'>Vossius,</span> <span class='ocrx_word' id='word_1_98' title='bbox 741 1692 943 1778; x_wconf 89' lang='lat' dir='ltr'>Meinersius,</span> <span class='ocrx_word' id='word_1_99' title='bbox 966 1695 1024 1759; x_wconf 88' lang='lat' dir='ltr'>alii</span> <span class='ocrx_word' id='word_1_100' title='bbox 1046 1696 1263 1760; x_wconf 82' lang='lat' dir='ltr'>elaborarunt.</span> 
     </span>
    </p>
   </div>
   <div class='ocr_carea' id='block_1_3' title="bbox 125 1785 1265 2206">
    <p class='ocr_par' dir='ltr' id='par_1_3' title="bbox 125 1785 1265 2206">
     <span class='ocr_line' id='line_1_14' title="bbox 125 1785 1264 1886; baseline 0.007 -29"><span class='ocrx_word' id='word_1_101' title='bbox 125 1872 129 1881; x_wconf 24' lang='grc' dir='ltr'><strong>μ</strong></span> <span class='ocrx_word' id='word_1_102' title='bbox 174 1785 337 1864; x_wconf 78' lang='lat' dir='ltr'>llllonanis</span> <span class='ocrx_word' id='word_1_103' title='bbox 370 1804 479 1866; x_wconf 89' lang='lat' dir='ltr'>autem</span> <span class='ocrx_word' id='word_1_104' title='bbox 512 1800 699 1865; x_wconf 90' lang='lat' dir='ltr'>homiuibus</span> <span class='ocrx_word' id='word_1_105' title='bbox 737 1800 902 1884; x_wconf 88' lang='lat' dir='ltr'>aliquanto</span> <span class='ocrx_word' id='word_1_106' title='bbox 941 1801 1129 1886; x_wconf 90' lang='lat' dir='ltr'>diligentius</span> <span class='ocrx_word' id='word_1_107' title='bbox 1168 1825 1264 1886; x_wconf 89' lang='lat' dir='ltr'>quam</span> 
     </span>
     <span class='ocr_line' id='line_1_15' title="bbox 125 1891 1265 1992; baseline 0.004 -24"><span class='ocrx_word' id='word_1_108' title='bbox 125 1952 127 1957; x_wconf 84' lang='lat'>-</span> <span class='ocrx_word' id='word_1_109' title='bbox 174 1891 336 1970; x_wconf 74' lang='lat' dir='ltr'>Quintilianus</span> <span class='ocrx_word' id='word_1_110' title='bbox 359 1906 507 1992; x_wconf 87' lang='lat' dir='ltr'>singulas</span> <span class='ocrx_word' id='word_1_111' title='bbox 530 1908 644 1992; x_wconf 88' lang='lat' dir='ltr'>attigit</span> <span class='ocrx_word' id='word_1_112' title='bbox 661 1894 784 1972; x_wconf 72' lang='lat' dir='ltr'>seneca</span> <span class='ocrx_word' id='word_1_113' title='bbox 807 1908 946 1992; x_wconf 87' lang='lat' dir='ltr'>epistula</span> <span class='ocrx_word' id='word_1_114' title='bbox 972 1909 1024 1991; x_wconf 88' lang='lat'>88,</span> <span class='ocrx_word' id='word_1_115' title='bbox 1048 1930 1111 1991; x_wconf 87' lang='lat' dir='ltr'>qua</span> <span class='ocrx_word' id='word_1_116' title='bbox 1134 1910 1173 1972; x_wconf 91' lang='lat' dir='ltr'>de</span> <span class='ocrx_word' id='word_1_117' title='bbox 1196 1909 1265 1973; x_wconf 82' lang='lat' dir='ltr'>bbe-</span> 
     </span>
     <span class='ocr_line' id='line_1_16' title="bbox 125 1994 1264 2101; baseline 0.006 -29"><span class='ocrx_word' id='word_1_118' title='bbox 125 1994 129 2101; x_wconf 40' lang='grc' dir='ltr'><em>ἴ</em></span> <span class='ocrx_word' id='word_1_119' title='bbox 174 2000 255 2072; x_wconf 65' lang='lat' dir='ltr'>&#39;aldes</span> <span class='ocrx_word' id='word_1_120' title='bbox 270 2015 370 2079; x_wconf 60' lang='lat' dir='ltr'>dodim</span> <span class='ocrx_word' id='word_1_121' title='bbox 393 2013 554 2079; x_wconf 91' lang='lat' dir='ltr'>disserens</span> <span class='ocrx_word' id='word_1_122' title='bbox 578 2014 676 2099; x_wconf 90' lang='lat' dir='ltr'>(unde</span> <span class='ocrx_word' id='word_1_123' title='bbox 695 2012 817 2079; x_wconf 87' lang='lat' dir='ltr'>factum</span> <span class='ocrx_word' id='word_1_124' title='bbox 841 2019 878 2078; x_wconf 92' lang='lat' dir='ltr'>ut</span> <span class='ocrx_word' id='word_1_125' title='bbox 902 2015 935 2079; x_wconf 94' lang='lat' dir='ltr'>in</span> <span class='ocrx_word' id='word_1_126' title='bbox 960 2013 1153 2099; x_wconf 90' lang='lat' dir='ltr'>quibusdam</span> <span class='ocrx_word' id='word_1_127' title='bbox 1172 2015 1264 2080; x_wconf 87' lang='lat' dir='ltr'>codd.</span> 
     </span>
     <span class='ocr_line' id='line_1_17' title="bbox 125 2110 1265 2206; baseline 0.012 -34"><span class='ocrx_word' id='word_1_128' title='bbox 125 2158 128 2167; x_wconf 89' lang='lat'>.</span> <span class='ocrx_word' id='word_1_129' title='bbox 175 2110 196 2168; x_wconf 75' lang='lat' dir='ltr'>et</span> <span class='ocrx_word' id='word_1_130' title='bbox 209 2131 321 2184; x_wconf 87' lang='lat' dir='ltr'>seorsum</span> <span class='ocrx_word' id='word_1_131' title='bbox 341 2121 503 2187; x_wconf 87' lang='lat' dir='ltr'>collocata</span> <span class='ocrx_word' id='word_1_132' title='bbox 525 2125 558 2186; x_wconf 90' lang='lat' dir='ltr'>et</span> <span class='ocrx_word' id='word_1_133' title='bbox 580 2123 617 2187; x_wconf 83' lang='lat' dir='ltr'>de</span> <span class='ocrx_word' id='word_1_134' title='bbox 637 2126 749 2204; x_wconf 80' lang='lat' dir='ltr'>septem</span> <span class='ocrx_word' id='word_1_135' title='bbox 772 2121 947 2186; x_wconf 79' lang='lat' dir='ltr'>libernlrbus</span> <span class='ocrx_word' id='word_1_136' title='bbox 966 2121 1085 2187; x_wconf 63' lang='lat' dir='ltr'>aurbus</span> <span class='ocrx_word' id='word_1_137' title='bbox 1107 2122 1265 2206; x_wconf 87' lang='lat' dir='ltr'>inscripta</span> 
     </span>
    </p>
   </div>
   <div class='ocr_carea' id='block_1_4' title="bbox 170 2210 1291 3379">
    <p class='ocr_par' dir='ltr' id='par_1_4' title="bbox 170 2210 1291 3379">
     <span class='ocr_line' id='line_1_18' title="bbox 174 2210 1291 2310; baseline 0.018 -38"><span class='ocrx_word' id='word_1_138' title='bbox 174 2210 212 2299; x_wconf 84' lang='lat' dir='ltr'>sit)</span> <span class='ocrx_word' id='word_1_139' title='bbox 224 2229 448 2308; x_wconf 69' lang='lat' dir='ltr'>pompaticam,</span> <span class='ocrx_word' id='word_1_140' title='bbox 467 2229 677 2310; x_wconf 67' lang='lat' dir='ltr'>geometriam,</span> <span class='ocrx_word' id='word_1_141' title='bbox 699 2229 863 2306; x_wconf 63' lang='lat' dir='ltr'>mammam,</span> <span class='ocrx_word' id='word_1_142' title='bbox 885 2227 1112 2293; x_wconf 72' lang='lat' dir='ltr'>arithmeticum</span> <span class='ocrx_word' id='word_1_143' title='bbox 1135 2234 1169 2294; x_wconf 92' lang='lat' dir='ltr'>et</span> <span class='ocrx_word' id='word_1_144' title='bbox 1191 2247 1291 2294; x_wconf 83' lang='lat' dir='ltr'>eam⁴</span> 
     </span>
     <span class='ocr_line' id='line_1_19' title="bbox 174 2320 1264 2420; baseline 0.003 -24"><span class='ocrx_word' id='word_1_145' title='bbox 174 2320 242 2388; x_wconf 56' lang='lat' dir='ltr'>“sitm</span> <span class='ocrx_word' id='word_1_146' title='bbox 259 2335 438 2420; x_wconf 81' lang='lat' dir='ltr'>perstringit</span> <span class='ocrx_word' id='word_1_147' title='bbox 461 2356 544 2419; x_wconf 89' lang='lat' dir='ltr'>quae</span> <span class='ocrx_word' id='word_1_148' title='bbox 566 2335 740 2399; x_wconf 82' lang='lat' dir='ltr'>coelestiam</span> <span class='ocrx_word' id='word_1_149' title='bbox 757 2334 870 2398; x_wconf 78' lang='lat' dir='ltr'>notitia</span> <span class='ocrx_word' id='word_1_150' title='bbox 893 2334 1084 2400; x_wconf 84' lang='lat' dir='ltr'>continetur.</span> <span class='ocrx_word' id='word_1_151' title='bbox 1111 2335 1211 2400; x_wconf 87' lang='lat' dir='ltr'>Vides</span> <span class='ocrx_word' id='word_1_152' title='bbox 1231 2340 1264 2401; x_wconf 89' lang='lat' dir='ltr'>et</span> 
     </span>
     <span class='ocr_line' id='line_1_20' title="bbox 174 2422 1263 2526; baseline 0.002 -23"><span class='ocrx_word' id='word_1_153' title='bbox 174 2422 236 2503; x_wconf 72' lang='lat' dir='ltr'>lltsse</span> <span class='ocrx_word' id='word_1_154' title='bbox 253 2442 279 2501; x_wconf 89' lang='lat' dir='ltr'>et</span> <span class='ocrx_word' id='word_1_155' title='bbox 297 2439 445 2507; x_wconf 89' lang='lat' dir='ltr'>distincte</span> <span class='ocrx_word' id='word_1_156' title='bbox 469 2439 666 2526; x_wconf 78' lang='lat' dir='ltr'>(promiscuo</span> <span class='ocrx_word' id='word_1_157' title='bbox 691 2431 776 2515; x_wconf 90' lang='lat' dir='ltr'>enim</span> <span class='ocrx_word' id='word_1_158' title='bbox 795 2441 983 2525; x_wconf 89' lang='lat' dir='ltr'>disputandi</span> <span class='ocrx_word' id='word_1_159' title='bbox 1007 2442 1119 2508; x_wconf 90' lang='lat' dir='ltr'>ordine</span> <span class='ocrx_word' id='word_1_160' title='bbox 1141 2443 1174 2506; x_wconf 95' lang='lat' dir='ltr'>in</span> <span class='ocrx_word' id='word_1_161' title='bbox 1199 2443 1263 2506; x_wconf 92' lang='lat' dir='ltr'>sin·</span> 
     </span>
     <span class='ocr_line' id='line_1_21' title="bbox 173 2531 1263 2632; baseline 0.002 -24"><span class='ocrx_word' id='word_1_162' title='bbox 173 2531 229 2608; x_wconf 58' lang='lat' dir='ltr'>tulis</span> <span class='ocrx_word' id='word_1_163' title='bbox 245 2547 453 2624; x_wconf 86' lang='lat' dir='ltr'>percensendis</span> <span class='ocrx_word' id='word_1_164' title='bbox 477 2547 594 2632; x_wconf 86' lang='lat' dir='ltr'>utitur)</span> <span class='ocrx_word' id='word_1_165' title='bbox 617 2570 658 2611; x_wconf 92' lang='lat' dir='ltr'>ne</span> <span class='ocrx_word' id='word_1_166' title='bbox 682 2547 767 2612; x_wconf 90' lang='lat' dir='ltr'>hune</span> <span class='ocrx_word' id='word_1_167' title='bbox 791 2548 920 2631; x_wconf 91' lang='lat' dir='ltr'>quidem</span> <span class='ocrx_word' id='word_1_168' title='bbox 944 2548 1095 2612; x_wconf 88' lang='lat' dir='ltr'>liberales</span> <span class='ocrx_word' id='word_1_169' title='bbox 1119 2548 1263 2631; x_wconf 91' lang='lat' dir='ltr'>discipli-</span> 
     </span>
     <span class='ocr_line' id='line_1_22' title="bbox 172 2653 1263 2730; baseline -0.004 -9"><span class='ocrx_word' id='word_1_170' title='bbox 172 2653 217 2721; x_wconf 71' lang='lat'><strong>¹¹²⁸,</strong></span> <span class='ocrx_word' id='word_1_171' title='bbox 233 2653 323 2730; x_wconf 84' lang='lat' dir='ltr'>quales</span> <span class='ocrx_word' id='word_1_172' title='bbox 345 2655 500 2719; x_wconf 85' lang='lat' dir='ltr'>insecutis</span> <span class='ocrx_word' id='word_1_173' title='bbox 524 2654 661 2718; x_wconf 87' lang='lat' dir='ltr'>saeculis</span> <span class='ocrx_word' id='word_1_174' title='bbox 685 2655 848 2719; x_wconf 90' lang='lat' dir='ltr'>communi</span> <span class='ocrx_word' id='word_1_175' title='bbox 871 2675 1031 2718; x_wconf 90' lang='lat' dir='ltr'>consensu</span> <span class='ocrx_word' id='word_1_176' title='bbox 1055 2653 1189 2717; x_wconf 86' lang='lat' dir='ltr'>tractari</span> <span class='ocrx_word' id='word_1_177' title='bbox 1214 2675 1263 2717; x_wconf 90' lang='lat' dir='ltr'>so-</span> 
     </span>
     <span class='ocr_line' id='line_1_23' title="bbox 173 2736 1264 2844; baseline 0.003 -25"><span class='ocrx_word' id='word_1_178' title='bbox 173 2736 224 2808; x_wconf 62' lang='lat' dir='ltr'>llte</span> <span class='ocrx_word' id='word_1_179' title='bbox 248 2766 321 2843; x_wconf 85' lang='lat' dir='ltr'>sunt,</span> <span class='ocrx_word' id='word_1_180' title='bbox 352 2761 559 2844; x_wconf 86' lang='lat' dir='ltr'>descripsisse</span> <span class='ocrx_word' id='word_1_181' title='bbox 590 2761 623 2824; x_wconf 91' lang='lat' dir='ltr'>in</span> <span class='ocrx_word' id='word_1_182' title='bbox 653 2764 838 2843; x_wconf 87' lang='lat' dir='ltr'>certumque</span> <span class='ocrx_word' id='word_1_183' title='bbox 870 2761 981 2823; x_wconf 87' lang='lat' dir='ltr'>orbem</span> <span class='ocrx_word' id='word_1_184' title='bbox 1012 2760 1165 2841; x_wconf 85' lang='lat' dir='ltr'>coegisse.</span> <span class='ocrx_word' id='word_1_185' title='bbox 1220 2757 1264 2822; x_wconf 85' lang='lat' dir='ltr'>Et</span> 
     </span>
     <span class='ocr_line' id='line_1_24' title="bbox 172 2845 1264 2952; baseline 0.02 -46"><span class='ocrx_word' id='word_1_186' title='bbox 172 2845 244 2921; x_wconf 84' lang='lat' dir='ltr'>tanen</span> <span class='ocrx_word' id='word_1_187' title='bbox 262 2862 287 2927; x_wconf 91' lang='lat' dir='ltr'>id</span> <span class='ocrx_word' id='word_1_188' title='bbox 308 2867 410 2951; x_wconf 91' lang='lat' dir='ltr'>ipsum</span> <span class='ocrx_word' id='word_1_189' title='bbox 435 2887 554 2952; x_wconf 89' lang='lat' dir='ltr'>magno</span> <span class='ocrx_word' id='word_1_190' title='bbox 579 2871 653 2930; x_wconf 91' lang='lat' dir='ltr'>aute</span> <span class='ocrx_word' id='word_1_191' title='bbox 673 2866 909 2942; x_wconf 78' lang='lat' dir='ltr'>Quintilianum</span> <span class='ocrx_word' id='word_1_192' title='bbox 930 2865 1146 2948; x_wconf 80' lang='lat' dir='ltr'>Senecamque</span> <span class='ocrx_word' id='word_1_193' title='bbox 1166 2867 1264 2930; x_wconf 91' lang='lat' dir='ltr'>inter·</span> 
     </span>
     <span class='ocr_line' id='line_1_25' title="bbox 171 2952 1263 3058; baseline 0.003 -24"><span class='ocrx_word' id='word_1_194' title='bbox 171 2952 230 3022; x_wconf 68' lang='lat' dir='ltr'>llll&gt;</span> <span class='ocrx_word' id='word_1_195' title='bbox 250 2971 356 3050; x_wconf 80' lang='lat' dir='ltr'>pridem</span> <span class='ocrx_word' id='word_1_196' title='bbox 385 2973 507 3038; x_wconf 85' lang='lat' dir='ltr'>factum</span> <span class='ocrx_word' id='word_1_197' title='bbox 536 2977 610 3047; x_wconf 53' lang='lat' dir='ltr'>erat,</span> <span class='ocrx_word' id='word_1_198' title='bbox 634 2974 731 3058; x_wconf 89' lang='lat' dir='ltr'>longe</span> <span class='ocrx_word' id='word_1_199' title='bbox 754 2973 1011 3037; x_wconf 87' lang='lat' dir='ltr'>luculentissimo</span> <span class='ocrx_word' id='word_1_200' title='bbox 1035 2974 1103 3037; x_wconf 89' lang='lat' dir='ltr'>eius</span> <span class='ocrx_word' id='word_1_201' title='bbox 1127 2974 1189 3038; x_wconf 90' lang='lat' dir='ltr'>viri</span> <span class='ocrx_word' id='word_1_202' title='bbox 1213 2996 1263 3037; x_wconf 84' lang='lat' dir='ltr'>ex-</span> 
     </span>
     <span class='ocr_line' id='line_1_26' title="bbox 171 3065 1262 3165; baseline 0.001 -22"><span class='ocrx_word' id='word_1_203' title='bbox 171 3065 253 3152; x_wconf 59' lang='grc' dir='ltr'>Θ111910,</span> <span class='ocrx_word' id='word_1_204' title='bbox 278 3080 360 3144; x_wconf 88' lang='lat' dir='ltr'>cuius</span> <span class='ocrx_word' id='word_1_205' title='bbox 388 3081 556 3164; x_wconf 84' lang='lat' dir='ltr'>praeclara</span> <span class='ocrx_word' id='word_1_206' title='bbox 586 3080 745 3144; x_wconf 87' lang='lat' dir='ltr'>industria</span> <span class='ocrx_word' id='word_1_207' title='bbox 774 3085 806 3144; x_wconf 92' lang='lat' dir='ltr'>et</span> <span class='ocrx_word' id='word_1_208' title='bbox 833 3102 965 3164; x_wconf 85' lang='lat' dir='ltr'>prorsus</span> <span class='ocrx_word' id='word_1_209' title='bbox 998 3081 1262 3165; x_wconf 85' lang='lat' dir='ltr'>incomparabilis</span> 
     </span>
     <span class='ocr_line' id='line_1_27' title="bbox 170 3168 1261 3277; baseline 0.005 -33"><span class='ocrx_word' id='word_1_210' title='bbox 170 3168 267 3277; x_wconf 51' lang='lat' dir='ltr'>‘iuditio</span> <span class='ocrx_word' id='word_1_211' title='bbox 285 3186 361 3251; x_wconf 91' lang='lat' dir='ltr'>nihil</span> <span class='ocrx_word' id='word_1_212' title='bbox 386 3188 436 3251; x_wconf 91' lang='lat' dir='ltr'>vel</span> <span class='ocrx_word' id='word_1_213' title='bbox 459 3187 674 3252; x_wconf 89' lang='lat' dir='ltr'>humanarum</span> <span class='ocrx_word' id='word_1_214' title='bbox 694 3187 745 3252; x_wconf 86' lang='lat' dir='ltr'>vel</span> <span class='ocrx_word' id='word_1_215' title='bbox 765 3187 945 3252; x_wconf 88' lang='lat' dir='ltr'>divinarum</span> <span class='ocrx_word' id='word_1_216' title='bbox 969 3210 1077 3252; x_wconf 89' lang='lat' dir='ltr'>rerum</span> <span class='ocrx_word' id='word_1_217' title='bbox 1099 3210 1164 3252; x_wconf 94' lang='lat' dir='ltr'>non</span> <span class='ocrx_word' id='word_1_218' title='bbox 1188 3187 1261 3251; x_wconf 88' lang='lat' dir='ltr'>atti·</span> 
     </span>
     <span class='ocr_line' id='line_1_28' title="bbox 170 3271 1262 3379; baseline 0.005 -27"><span class='ocrx_word' id='word_1_219' title='bbox 170 3271 208 3352; x_wconf 64' lang='lat' dir='ltr'>fflb</span> <span class='ocrx_word' id='word_1_220' title='bbox 223 3278 300 3355; x_wconf 80' lang='lat' dir='ltr'>i1111110</span> <span class='ocrx_word' id='word_1_221' title='bbox 323 3294 446 3379; x_wconf 87' lang='lat' dir='ltr'>ingenii</span> <span class='ocrx_word' id='word_1_222' title='bbox 470 3295 520 3359; x_wconf 90' lang='lat' dir='ltr'>sui</span> <span class='ocrx_word' id='word_1_223' title='bbox 544 3294 664 3358; x_wconf 91' lang='lat' dir='ltr'>lumine</span> <span class='ocrx_word' id='word_1_224' title='bbox 687 3317 751 3359; x_wconf 92' lang='lat' dir='ltr'>non</span> <span class='ocrx_word' id='word_1_225' title='bbox 777 3294 995 3358; x_wconf 82' lang='lat' dir='ltr'>collustravit:</span> <span class='ocrx_word' id='word_1_226' title='bbox 1023 3293 1066 3359; x_wconf 89' lang='lat' dir='ltr'>M.</span> <span class='ocrx_word' id='word_1_227' title='bbox 1089 3294 1262 3360; x_wconf 83' lang='lat' dir='ltr'>Terentii</span> 
     </span>
    </p>
   </div>
   <div class='ocr_carea' id='block_1_5' title="bbox 125 3365 1261 3589">
    <p class='ocr_par' dir='ltr' id='par_1_5' title="bbox 125 3365 1261 3589">
     <span class='ocr_line' id='line_1_29' title="bbox 125 3365 1261 3484; baseline 0.009 -31"><span class='ocrx_word' id='word_1_228' title='bbox 125 3380 128 3445; x_wconf 87' lang='lat' dir='ltr'>l</span> <span class='ocrx_word' id='word_1_229' title='bbox 170 3365 313 3463; x_wconf 70' lang='lat' dir='ltr'>lllfronis.</span> <span class='ocrx_word' id='word_1_230' title='bbox 357 3399 457 3464; x_wconf 82' lang='lat' dir='ltr'>Cuius</span> <span class='ocrx_word' id='word_1_231' title='bbox 484 3401 532 3465; x_wconf 89' lang='lat' dir='ltr'>rei</span> <span class='ocrx_word' id='word_1_232' title='bbox 560 3400 751 3464; x_wconf 88' lang='lat' dir='ltr'>memoriam</span> <span class='ocrx_word' id='word_1_233' title='bbox 774 3405 955 3483; x_wconf 91' lang='lat' dir='ltr'>temporum</span> <span class='ocrx_word' id='word_1_234' title='bbox 980 3400 1152 3484; x_wconf 85' lang='lat' dir='ltr'>iniquitate</span> <span class='ocrx_word' id='word_1_235' title='bbox 1175 3401 1261 3466; x_wconf 90' lang='lat' dir='ltr'>haud</span> 
     </span>
     <span class='ocr_line' id='line_1_30' title="bbox 125 3486 1261 3589; baseline 0.006 -27"><span class='ocrx_word' id='word_1_236' title='bbox 125 3496 127 3529; x_wconf 80' lang='lat'>³</span> <span class='ocrx_word' id='word_1_237' title='bbox 169 3486 272 3565; x_wconf 69' lang='lat' dir='ltr'>paullum</span> <span class='ocrx_word' id='word_1_238' title='bbox 283 3506 495 3589; x_wconf 87' lang='lat' dir='ltr'>obscuratam,</span> <span class='ocrx_word' id='word_1_239' title='bbox 510 3506 606 3570; x_wconf 90' lang='lat' dir='ltr'>hodie</span> <span class='ocrx_word' id='word_1_240' title='bbox 626 3511 735 3569; x_wconf 93' lang='lat' dir='ltr'>autem</span> <span class='ocrx_word' id='word_1_241' title='bbox 754 3505 984 3589; x_wconf 90' lang='lat' dir='ltr'>propemodum</span> <span class='ocrx_word' id='word_1_242' title='bbox 1003 3503 1261 3589; x_wconf 83' lang='lat' dir='ltr'>intermortuam,</span> 
     </span>
    </p>
   </div>
   <div class='ocr_carea' id='block_1_6' title="bbox 169 3601 1261 3696">
    <p class='ocr_par' dir='ltr' id='par_1_6' title="bbox 169 3601 1261 3696">
     <span class='ocr_line' id='line_1_31' title="bbox 169 3601 1261 3696; baseline 0.002 -24"><span class='ocrx_word' id='word_1_243' title='bbox 169 3601 270 3673; x_wconf 70' lang='lat' dir='ltr'>⁰⁰1¹unc</span> <span class='ocrx_word' id='word_1_244' title='bbox 290 3613 463 3678; x_wconf 87' lang='lat' dir='ltr'>studiosius</span> <span class='ocrx_word' id='word_1_245' title='bbox 492 3635 624 3696; x_wconf 92' lang='lat' dir='ltr'>operam</span> <span class='ocrx_word' id='word_1_246' title='bbox 653 3612 802 3676; x_wconf 86' lang='lat' dir='ltr'>dabimus</span> <span class='ocrx_word' id='word_1_247' title='bbox 826 3617 862 3676; x_wconf 92' lang='lat' dir='ltr'>ut</span> <span class='ocrx_word' id='word_1_248' title='bbox 885 3616 1041 3696; x_wconf 88' lang='lat' dir='ltr'>quantum</span> <span class='ocrx_word' id='word_1_249' title='bbox 1064 3613 1133 3676; x_wconf 91' lang='lat' dir='ltr'>fieri</span> <span class='ocrx_word' id='word_1_250' title='bbox 1157 3612 1261 3695; x_wconf 89' lang='lat' dir='ltr'>possit</span> 
     </span>
    </p>
   </div>
   <div class='ocr_carea' id='block_1_7' title="bbox 125 3695 1261 4211">
    <p class='ocr_par' dir='ltr' id='par_1_7' title="bbox 125 3695 1261 4122">
     <span class='ocr_line' id='line_1_32' title="bbox 168 3695 1261 3804; baseline -0.002 -20"><span class='ocrx_word' id='word_1_251' title='bbox 168 3695 385 3804; x_wconf 60' lang='grc' dir='ltr'>ΓρᾶῙῐῐῐθςῐθιηιιε,</span> <span class='ocrx_word' id='word_1_252' title='bbox 418 3741 481 3804; x_wconf 91' lang='lat' dir='ltr'>quo</span> <span class='ocrx_word' id='word_1_253' title='bbox 509 3720 697 3803; x_wconf 87' lang='lat' dir='ltr'>persuasius</span> <span class='ocrx_word' id='word_1_254' title='bbox 725 3718 882 3783; x_wconf 89' lang='lat' dir='ltr'>habemus</span> <span class='ocrx_word' id='word_1_255' title='bbox 910 3719 970 3801; x_wconf 89' lang='lat' dir='ltr'>eis,</span> <span class='ocrx_word' id='word_1_256' title='bbox 1003 3741 1138 3802; x_wconf 86' lang='lat' dir='ltr'>quorum</span> <span class='ocrx_word' id='word_1_257' title='bbox 1163 3742 1261 3802; x_wconf 90' lang='lat' dir='ltr'>supra</span> 
     </span>
     <span class='ocr_line' id='line_1_33' title="bbox 125 3797 1260 3910; baseline 0.006 -28"><span class='ocrx_word' id='word_1_258' title='bbox 125 3816 141 3827; x_wconf 78' lang='grc'>’“</span> <span class='ocrx_word' id='word_1_259' title='bbox 168 3797 306 3889; x_wconf 66' lang='lat' dir='ltr'>lllfimoma</span> <span class='ocrx_word' id='word_1_260' title='bbox 332 3827 586 3910; x_wconf 84' lang='lat' dir='ltr'>composuimus,</span> <span class='ocrx_word' id='word_1_261' title='bbox 619 3826 832 3909; x_wconf 86' lang='lat' dir='ltr'>scriptoribus</span> <span class='ocrx_word' id='word_1_262' title='bbox 860 3826 967 3909; x_wconf 91' lang='lat' dir='ltr'>ipsum</span> <span class='ocrx_word' id='word_1_263' title='bbox 991 3825 1171 3890; x_wconf 82' lang='lat' dir='ltr'>Varronem</span> <span class='ocrx_word' id='word_1_264' title='bbox 1195 3847 1260 3889; x_wconf 91' lang='lat' dir='ltr'>non</span> 
     </span>
     <span class='ocr_line' id='line_1_34' title="bbox 167 3911 1259 4016; baseline -0.01 -14"><span class='ocrx_word' id='word_1_265' title='bbox 167 3911 244 4002; x_wconf 58' lang='lat' dir='ltr'>“llll</span> <span class='ocrx_word' id='word_1_266' title='bbox 262 3937 406 4016; x_wconf 83' lang='lat' dir='ltr'>exparte</span> <span class='ocrx_word' id='word_1_267' title='bbox 430 3936 596 3998; x_wconf 88' lang='lat' dir='ltr'>auctorem</span> <span class='ocrx_word' id='word_1_268' title='bbox 620 3936 652 3995; x_wconf 91' lang='lat' dir='ltr'>et</span> <span class='ocrx_word' id='word_1_269' title='bbox 675 3933 857 4016; x_wconf 82' lang='lat' dir='ltr'>exemplum</span> <span class='ocrx_word' id='word_1_270' title='bbox 882 3932 1044 3997; x_wconf 89' lang='lat' dir='ltr'>exstitisse</span> <span class='ocrx_word' id='word_1_271' title='bbox 1069 3951 1198 3993; x_wconf 88' lang='lat' dir='ltr'>suarum</span> <span class='ocrx_word' id='word_1_272' title='bbox 1222 3929 1259 3992; x_wconf 90' lang='lat' dir='ltr'>de</span> 
     </span>
     <span class='ocr_line' id='line_1_35' title="bbox 165 4014 743 4122; baseline 0.036 -39"><span class='ocrx_word' id='word_1_273' title='bbox 165 4014 305 4103; x_wconf 81' lang='lat' dir='ltr'>liberalibus</span> <span class='ocrx_word' id='word_1_274' title='bbox 329 4040 454 4104; x_wconf 91' lang='lat' dir='ltr'>artibus</span> <span class='ocrx_word' id='word_1_275' title='bbox 478 4039 743 4122; x_wconf 89' lang='lat' dir='ltr'>disputationum.</span> 
     </span>
    </p>

    <p class='ocr_par' dir='ltr' id='par_1_8' title="bbox 217 4142 1259 4211">
     <span class='ocr_line' id='line_1_36' title="bbox 217 4142 1259 4211; baseline -0.002 -4"><span class='ocrx_word' id='word_1_276' title='bbox 217 4142 241 4208; x_wconf 79' lang='lat'>2.</span> <span class='ocrx_word' id='word_1_277' title='bbox 280 4145 452 4210; x_wconf 88' lang='lat' dir='ltr'>Praestitit</span> <span class='ocrx_word' id='word_1_278' title='bbox 474 4150 581 4210; x_wconf 90' lang='lat' dir='ltr'>autem</span> <span class='ocrx_word' id='word_1_279' title='bbox 604 4145 686 4209; x_wconf 89' lang='lat' dir='ltr'>illud</span> <span class='ocrx_word' id='word_1_280' title='bbox 709 4144 753 4210; x_wconf 88' lang='lat' dir='ltr'>M.</span> <span class='ocrx_word' id='word_1_281' title='bbox 776 4145 881 4211; x_wconf 86' lang='lat' dir='ltr'>Varro</span> <span class='ocrx_word' id='word_1_282' title='bbox 905 4146 1001 4211; x_wconf 88' lang='lat' dir='ltr'>editis</span> <span class='ocrx_word' id='word_1_283' title='bbox 1024 4164 1157 4209; x_wconf 89' lang='lat' dir='ltr'>novem</span> <span class='ocrx_word' id='word_1_284' title='bbox 1182 4142 1259 4206; x_wconf 91' lang='lat' dir='ltr'>dis-</span> 
     </span>
    </p>
   </div>
   <div class='ocr_carea' id='block_1_8' title="bbox 145 4243 1260 4444">
    <p class='ocr_par' dir='ltr' id='par_1_9' title="bbox 145 4243 1260 4444">
     <span class='ocr_line' id='line_1_37' title="bbox 155 4243 1258 4335; baseline 0.005 -26"><span class='ocrx_word' id='word_1_285' title='bbox 155 4243 348 4331; x_wconf 86' lang='lat' dir='ltr'>eiplinarum</span> <span class='ocrx_word' id='word_1_286' title='bbox 379 4251 510 4335; x_wconf 89' lang='lat' dir='ltr'>libris,</span> <span class='ocrx_word' id='word_1_287' title='bbox 541 4274 679 4335; x_wconf 87' lang='lat' dir='ltr'>quorum</span> <span class='ocrx_word' id='word_1_288' title='bbox 709 4273 748 4315; x_wconf 91' lang='lat' dir='ltr'>ne</span> <span class='ocrx_word' id='word_1_289' title='bbox 777 4253 963 4316; x_wconf 86' lang='lat' dir='ltr'>coniectura</span> <span class='ocrx_word' id='word_1_290' title='bbox 987 4250 1114 4332; x_wconf 91' lang='lat' dir='ltr'>quidem</span> <span class='ocrx_word' id='word_1_291' title='bbox 1139 4271 1159 4312; x_wconf 89' lang='lat' dir='ltr'>a</span> <span class='ocrx_word' id='word_1_292' title='bbox 1182 4271 1258 4333; x_wconf 91' lang='lat' dir='ltr'>quo·</span> 
     </span>
     <span class='ocr_line' id='line_1_38' title="bbox 145 4355 1260 4444; baseline 0 -24"><span class='ocrx_word' id='word_1_293' title='bbox 145 4377 218 4444; x_wconf 81' lang='lat' dir='ltr'>quem</span> <span class='ocrx_word' id='word_1_294' title='bbox 243 4358 420 4444; x_wconf 83' lang='lat' dir='ltr'>significari</span> <span class='ocrx_word' id='word_1_295' title='bbox 449 4361 675 4441; x_wconf 87' lang='lat' dir='ltr'>argumentum</span> <span class='ocrx_word' id='word_1_296' title='bbox 702 4358 917 4422; x_wconf 88' lang='lat' dir='ltr'>meminimus.</span> <span class='ocrx_word' id='word_1_297' title='bbox 963 4356 1012 4419; x_wconf 85' lang='lat' dir='ltr'>De</span> <span class='ocrx_word' id='word_1_298' title='bbox 1036 4355 1151 4439; x_wconf 88' lang='lat' dir='ltr'>quibus</span> <span class='ocrx_word' id='word_1_299' title='bbox 1175 4379 1260 4420; x_wconf 89' lang='lat' dir='ltr'>com-</span> 
     </span>
    </p>
   </div>
   <div class='ocr_carea' id='block_1_9' title="bbox 136 4459 1259 4617">
    <p class='ocr_par' dir='ltr' id='par_1_10' title="bbox 136 4459 1259 4617">
     <span class='ocr_line' id='line_1_39' title="bbox 136 4459 1259 4548; baseline -0.008 -13"><span class='ocrx_word' id='word_1_300' title='bbox 136 4466 209 4536; x_wconf 81' lang='lat' dir='ltr'>muni</span> <span class='ocrx_word' id='word_1_301' title='bbox 237 4464 426 4531; x_wconf 87' lang='lat' dir='ltr'>testimonio</span> <span class='ocrx_word' id='word_1_302' title='bbox 459 4461 670 4528; x_wconf 82' lang='lat' dir='ltr'>Cassiodorus</span> <span class='ocrx_word' id='word_1_303' title='bbox 702 4464 772 4527; x_wconf 89' lang='lat' dir='ltr'>e.3</span> <span class='ocrx_word' id='word_1_304' title='bbox 804 4488 834 4548; x_wconf 88' lang='lat' dir='ltr'>p.</span> <span class='ocrx_word' id='word_1_305' title='bbox 858 4463 959 4528; x_wconf 76' lang='lat'><strong>5361&gt;</strong></span> <span class='ocrx_word' id='word_1_306' title='bbox 992 4464 1024 4524; x_wconf 91' lang='lat' dir='ltr'>ct</span> <span class='ocrx_word' id='word_1_307' title='bbox 1054 4459 1200 4528; x_wconf 89' lang='lat' dir='ltr'>Isidorus</span> <span class='ocrx_word' id='word_1_308' title='bbox 1227 4463 1259 4528; x_wconf 94' lang='lat' dir='ltr'>ll</span> 
     </span>
     <span class='ocr_line' id='line_1_40' title="bbox 993 4563 1048 4617; baseline 0 0"><span class='ocrx_word' id='word_1_309' title='bbox 993 4563 1048 4617; x_wconf 79' lang='lat'>23*</span> 
     </span>
    </p>
   </div>
   <div class='ocr_carea' id='block_1_10' title="bbox 0 0 1448 5040">
    <p class='ocr_par' dir='ltr' id='par_1_11' title="bbox 0 0 1448 5040">
     <span class='ocr_line' id='line_1_41' title="bbox 0 0 1448 5040; baseline 0 2"><span class='ocrx_word' id='word_1_310' title='bbox 0 0 1448 5040; x_wconf 95' lang='lat' dir='ltr'> </span> 
     </span>
    </p>
   </div>
  </div>
 </body>
</html>
