2888 5040
223 302 288 366 600
423 311 705 361 suusnfflonvu
730 307 1032 357 os‘rvmrsnssvn
1054 304 1173 354 rsus.

222 482 292 525 esse
321 460 354 522 in
383 456 530 522 ordinem
558 453 694 539 cogendi
721 452 846 517 librarii
874 451 1073 517 viderentur:
1104 448 1205 512 Rura
1232 446 1308 511 colit
1330 480 1382 528 -·,

223 566 297 630 Non
317 564 457 647 qaeoam
475 599 528 643 -,
551 560 704 642 Squola'da
728 596 779 640 —,
802 558 877 623 Non
898 557 1028 622 humilis
1047 591 1100 639 —,
1124 555 1206 619 Non
1225 553 1302 634 fota
1324 574 1380 616 -ε

223 673 258 736 in
286 693 386 735 unum
418 668 548 753 quidem
581 667 745 732 cumulata
777 664 934 729 arationis
965 661 1214 748 significatione
1249 659 1383 744 triplici,

224 778 280 844 sed
303 780 341 842 ut
363 798 421 841 nec
449 773 665 859 frigidissima
687 771 883 848 ταυτολογία
910 771 1069 835 vitaretur
1093 771 1129 832 et
1157 766 1215 831 bis
1245 765 1383 830 iteratae

224 886 258 949 in
281 883 428 948 versibus
455 881 617 946 continuis
642 880 717 943 Noa
743 876 923 962 particulae
949 877 1106 940 venustas
1134 872 1273 957 periret
1314 869 1383 935 Noc

224 989 371 1073 profecto
394 989 467 1071 plus
491 988 546 1051 ille
570 986 776 1069 profecisset,
798 984 825 1047 si
849 1005 922 1048 eum
945 982 1093 1048 ordinem
1112 979 1383 1046 commendasset

224 1117 319 1180 quem
343 1095 372 1159 ei
400 1115 514 1177 parum
543 1093 605 1158 fide
633 1091 750 1176 dignus
778 1090 873 1156 testis
901 1089 987 1154 idem
1014 1089 1071 1152 ille
1096 1084 1384 1152 Mitseherlicbius

223 1200 352 1265 tribuit:
384 1201 458 1264 Non
484 1200 612 1263 humiles
638 1235 691 1275 —,
720 1198 794 1262 Non
819 1197 891 1277 fola
914 1233 971 1273 -,
998 1194 1094 1259 Rara
1121 1193 1200 1258 colit
1223 1225 1285 1277 -,
1312 1191 1385 1256 Nor

223 1307 364 1389 caeam
387 1344 444 1385 —,
471 1305 624 1388 Squalida
649 1343 699 1368 -.
735 1302 859 1369 Nostro
887 1302 1007 1367 iudicio
1031 1303 1090 1364 aut
1119 1298 1251 1364 fallunt
1273 1297 1384 1364 omnis

225 1416 283 1477 aut
304 1413 367 1477 hoc
391 1435 460 1477 sese
483 1411 594 1477 ordine
619 1434 729 1476 versus
752 1432 828 1475 suos
851 1410 996 1493 excipere
1019 1412 1122 1492 poeta
1144 1405 1273 1470 voluit:

314 1517 404 1582 Rura
426 1518 505 1583 colit
527 1540 637 1583 nemo:
661 1517 856 1581 mollescunt
878 1516 964 1580 colla
986 1513 1143 1578 iuuencis.

272 1659 274 1664 ·
315 1622 390 1687 Nou
412 1623 545 1687 humilis
570 1624 677 1688 curuis
700 1626 859 1707 purgatur
881 1622 977 1686 uinea
999 1619 1133 1701 rostris3

315 1728 391 1794 Non
413 1729 480 1793 falx
504 1732 654 1793 attenuat
676 1728 901 1794 frondatorum
925 1727 1051 1792 arboris
1076 1725 1253 1810 umbram;

314 1834 390 1900 Non
414 1834 564 1918 glaebam
587 1855 689 1918 prono
715 1833 870 1899 conuellit
891 1854 1022 1899 uomere
1044 1836 1180 1897 taurus:

316 1939 472 2025 Squalida
494 1939 631 2005 desertis
655 1941 771 2024 rubigo
794 1940 933 2005 infertur
956 1939 1083 2004 aratris.

227 2062 398 2128 Generalis
422 2066 472 2127 est
495 2063 580 2127 enim
603 2084 700 2147 quam
722 2063 829 2146 primo
853 2084 948 2127 versu
970 2062 1143 2146 praemisit
1167 2065 1386 2130 senteutiam:

228 2168 304 2233 ‘uec
336 2167 483 2233 homines
516 2173 691 2253 operantur
722 2190 781 2233 nec
813 2167 962 2234 bestiae'.
1005 2167 1110 2244 Quam
1144 2170 1198 2235 sic
1232 2169 1385 2255 deinceps

227 2274 432 2358 persequitur
459 2274 667 2358 singillatim,
697 2280 735 2339 ut
762 2276 866 2340 altero
894 2296 988 2340 versu
1016 2277 1049 2338 ct
1077 2275 1197 2358 tertio,
1233 2298 1321 2360 quae
1347 2278 1386 2341 ad

228 2379 315 2444 solo's
335 2379 482 2444 homines
501 2380 676 2463 pertinent,
695 2384 935 2464 commemoret,
958 2380 1125 2445 vinearum
1144 2380 1386 2468 hortorumque

228 2485 401 2550 culturam:
433 2490 565 2570 quarto,
596 2486 681 2570 quod
714 2487 754 2551 ad
783 2491 952 2572 utrosque,
984 2487 1179 2551 arationem.
1219 2487 1284 2554 Oui
1314 2512 1386 2555 cum

227 2592 377 2677 quintum
406 2591 537 2672 subicit,
569 2595 602 2656 et
630 2592 707 2676 quid
735 2592 969 2657 consectarium
997 2591 1041 2656 sit
1068 2613 1108 2656 ex
1136 2614 1180 2657 ea
1212 2597 1386 2662 vacatione

228 2697 321 2761 dicit:
354 2699 391 2760 ut
422 2695 607 2781 rubiginem
637 2695 742 2782 (iuxta
774 2719 846 2761 cum
874 2699 989 2762 rastris
1016 2701 1050 2762 et
1077 2698 1241 2788 falcibus)
1276 2707 1387 2767 aratra

228 2803 375 2867 trahant:
403 2805 436 2866 et
464 2801 496 2865 id
524 2803 573 2866 ita
599 2803 678 2867 dicit
700 2807 737 2868 ut
759 2825 832 2868 cum
856 2807 925 2868 arte
953 2804 1130 2869 transitum
1161 2807 1205 2871 ad
1234 2810 1387 2892 proxima

230 2913 377 2993 quaerat,
977 2971 983 2980 .

320 3015 428 3099 Ipsius
452 3018 487 3078 at
509 3014 616 3099 sedes,
639 3038 840 3101 quacumque
864 3019 1018 3101 opulenta
1040 3019 1181 3084 recessit

318 3120 437 3205 Regia,
459 3120 600 3206 fulgenti
624 3123 794 3206 splendent
817 3146 895 3190 auro
919 3129 1015 3210 atque
1038 3130 1191 3210 argento.

229 3227 315 3293 Huic
338 3229 422 3292 enim
446 3227 611 3309 splendori
629 3230 838 3295 manifestum
857 3235 907 3295 est
925 3231 991 3295 situ
1014 3231 1241 3315 squalentium
1268 3235 1387 3300 instru-

230 3336 413 3398 mentorum
437 3332 547 3397 sordes
576 3334 685 3400 dedita
708 3357 807 3419 opera
830 3337 960 3421 opponi.
983 3373 1027 3385 —
1055 3333 1145 3402 Satis
1174 3345 1293 3406 autem
1317 3366 1389 3408 eum

231 3460 327 3523 quem
364 3439 583 3504 revocavimus
625 3440 771 3506 ordinem
808 3442 974 3528 Vergilius
1014 3445 1139 3527 tuetur,
1185 3448 1239 3511 cui
1288 3450 1389 3515 videri

232 3542 435 3609 Catullianos
459 3567 570 3610 versus
595 3547 784 3613 obversatus
809 3570 879 3613 esse
903 3549 937 3613 in
954 3548 1081 3633 Eeloga
1099 3549 1150 3615 IV
1171 3574 1203 3616 v.
1217 3555 1267 3618 40
1291 3555 1389 3620 inter·

232 3655 340 3734 protes
364 3651 613 3716 admonuerunt:

320 3759 396 3824 Non
419 3763 542 3822 rastros
564 3761 707 3843 patietur
730 3761 861 3846 humus,
883 3786 949 3828 non
972 3763 1070 3828 uine'a
1093 3763 1233 3850 falcem3

320 3865 486 3931 Robustus
510 3887 636 3949 quoque
660 3868 725 3932 iam
748 3870 852 3934 tauris
875 3870 952 3955 iuga
974 3869 1081 3935 soluet
1105 3876 1239 3938 arator:

138 4064 144 4071 ἱ
232 3971 288 4036 ubi
312 3971 390 4036 item
413 3995 433 4036 a
455 3973 569 4037 rastris
592 3977 625 4037 et
647 3973 783 4039 falcibus
805 3976 953 4060 pergitur
974 3975 1103 4040 demum
1128 3978 1173 4042 ad
1199 3987 1328 4047 aratra.

322 4275 369 4355 [E
383 4276 579 4356 praefatione
600 4274 749 4342 Docodis:
781 4276 830 4342 Ῥ.
854 4275 885 4341 V
908 4301 937 4342 v.
958 4277 1000 4343 15
1022 4275 1066 4362 (p
1086 4277 1156 4343 595
1183 4304 1216 4346 v.
1235 4285 1300 4371 25)
1324 4288 1391 4352 sine

231 4381 294 4445 loci
330 4381 449 4447 indicio
483 4386 736 4449 commemorata
772 4382 937 4450 Ciceronis
973 4385 1072 4451 verba
1104 4384 1270 4456 Halmius
1311 4396 1391 4461 mihi
