2924 5046
441 337 484 383 zu
509 335 771 383 nurnuuscuuu
795 335 968 384 surorum.
1212 321 1274 386 827

305 604 359 725 ii)
393 639 446 705 zu
476 638 648 704 ennius’
677 637 1110 725 Kunstgesehichte.*)

220 798 388 864 Nachdem
421 798 548 863 Plinius
579 798 620 864 N.
648 798 688 863 H.
716 798 854 884 XXXV,
884 801 957 881 9·§
985 799 1028 864 36
1066 822 1140 865 vom
1172 798 1330 868 Malerue

132 906 351 990 Apollodorus
371 904 579 991 gesprochen,
598 906 678 990 geht
696 927 731 970 cr
754 905 812 970 auf
827 905 970 971 Zeuxis
989 906 1069 970 iiber
1087 906 1149 971 mit
1167 906 1276 971 diesen

132 1013 284 1078 Worten:

292 1119 344 1184 Ab
376 1120 437 1184 hoc
467 1119 548 1184 artis
579 1119 665 1183 fores
694 1123 822 1202 apertas
841 1119 966 1183 Zeuxis
994 1116 1203 1184 Heracleotes
1231 1120 1277 1184 in-

222 1226 324 1291 travit
361 1216 556 1310 olympiadis
592 1218 823 1310 nonagesimae
865 1226 995 1310 quintae
1032 1247 1116 1290 anno
1158 1230 1276 1311 quarto

191 1333 457 1417 ,audentemque
485 1332 551 1394 iam
574 1331 696 1415 aliquid
722 1332 1001 1415 penicillum...
1026 1383 1033 1396 .
1060 1332 1100 1397 ad
1125 1353 1276 1418 maguam

222 1441 359 1526 gloriam
382 1438 543 1523 perduxit,
568 1461 587 1502 a
610 1438 804 1522 quibusdam
827 1439 911 1504 falso
935 1439 969 1502 in
988 1437 1155 1503 LXXXIX
1174 1439 1276 1523 olym·

221 1546 317 1631 piade
352 1545 493 1628 posituri,
536 1567 608 1608 cum
651 1544 750 1608 luisse
786 1566 918 1609 necesse
957 1548 1007 1608 cst
1046 1545 1277 1630 Demophilum

222 1651 429 1716 Himeraeum
453 1653 486 1713 et
504 1649 644 1714 Neseam
663 1649 829 1734 Thasium,
853 1651 1015 1735 quoniam,
1037 1653 1142 1717 utrius
1166 1673 1277 1718 eorum

223 1756 400 1841 discipulus
424 1756 535 1840 fuerit,
559 1757 745 1842 ambigitur.
874 1831 882 1853 1

223 1864 303 1928 Hier
329 1863 448 1928 nimmt
475 1884 542 1927 nun
566 1861 683 1948 Sillig
711 1865 756 1928 im
780 1861 883 1929 Catal.
907 1862 992 1928 artif.
1020 1886 1049 1947 p.
1072 1864 1138 1929 459
1153 1865 1184 1929 ff.
1211 1865 1277 1929 und

133 1973 268 2038 seitdem
279 1970 362 2036 auch
376 1971 410 2033 in
424 1969 529 2034 seiner
539 1969 692 2055 Ausgabc
707 1970 757 2034 die
768 1970 849 2035 Zahl
861 1970 1016 2036 LXXIX
1029 1970 1081 2035 fiir
1089 1970 1279 2036 LXXXIX

132 2103 191 2146 aus
214 2076 469 2143 Handschriften
492 2076 550 2140 auf
570 2075 635 2140 und
662 2076 868 2161 rechtfertigt
895 2076 962 2142 dics
991 2101 1043 2143 am
1067 2083 1174 2143 ersten
1198 2078 1277 2144 Ortc
1291 2105 1331 2147 ns

132 2186 194 2251 mit
211 2185 274 2250 den
292 2184 444 2248 Worten:
468 2182 535 2247 ‘Ex
554 2183 681 2267 vulgari
701 2184 862 2267 scriptura
886 2184 1128 2271 duodetriginta
1150 2189 1277 2250 tantum

133 2293 210 2359 anni
233 2292 408 2376 prodeunt,
431 2290 548 2373 quibus
572 2311 649 2353 sane
673 2288 788 2354 Zeuxis
811 2290 957 2355 floruerit
980 2296 1122 2376 oportet,
1145 2296 1182 2356 ut
1203 2290 1277 2355 reli·

134 2421 200 2485 qua
231 2398 269 2462 de
307 2395 570 2481 praeceptoribus
602 2395 702 2459 verba
733 2397 840 2480 inepte
873 2400 1001 2462 tantum
1034 2398 1145 2463 addita
1177 2397 1278 2462 videri

133 2493 282 2590 possent;
318 2507 430 2569 nostra
462 2524 537 2567 vero
575 2501 714 2567 lectione
752 2502 862 2585 opinio
900 2503 1171 2589 chronologorum
1204 2526 1277 2568 vere

134 2613 309 2695 refutatur,
350 2610 503 2694 quoniam
537 2609 577 2672 ab
614 2608 676 2672 hac
708 2609 749 2672 ol.
782 2631 881 2692 usquc
914 2610 954 2674 ad
987 2609 1075 2675 XCV
1109 2610 1278 2696 sexaginta

134 2722 259 2803 septem
288 2716 423 2801 (warum
451 2715 543 2812 nicht
570 2715 671 2800 octat)
695 2715 772 2779 anni
807 2716 981 2800 orirentur,
1013 2716 1098 2801 quod
1121 2716 1277 2799 temporis

134 2825 278 2910 spatium
305 2824 363 2886 illa
390 2821 519 2906 quidem
543 2826 664 2906 aetate,
691 2845 756 2905 qua
783 2827 816 2885 et
844 2821 928 2886 inter
951 2822 1089 2888 Graecos
1113 2823 1277 2902 μακρόβιοι

134 2931 350 3013 rarescebant,
373 2928 489 2993 Zeuxis
512 2931 581 2991 arte
605 2950 664 2992 sua
680 2929 734 2992 vix
759 2929 885 3011 explere
908 2929 1023 3012 potuit.
1060 2928 1131 2993 Huc
1154 2928 1279 2993 accedit

135 3038 219 3124 quod
248 3035 364 3101 Zeuxis
396 3055 463 3098 nou
496 3033 537 3097 ol.
565 3030 664 3116 XOV,
690 3034 712 3096 4
743 3033 885 3118 primum
917 3036 1019 3131 artem
1052 3035 1210 3118 exercuit,
1242 3038 1278 3099 ut

134 3145 235 3210 verba
263 3140 363 3206 Plinii
390 3139 533 3203 indicare
565 3142 710 3223 possent,
741 3139 798 3204 scd
827 3139 893 3203 iarn
922 3143 997 3205 ante
1024 3141 1144 3206 nobilis
1172 3142 1277 3206 factus

132 3256 196 3334 est,
229 3247 312 3334 quod
337 3268 375 3310 ex
398 3231 539 3329 pictura,
573 3267 670 3328 quam
694 3244 913 3332 Archelao**)
946 3246 1093 3330 donavit,
1125 3247 1277 3332 colligere

134 3359 225 3441 licet,
255 3361 292 3421 ut
323 3351 458 3437 proinde
490 3352 532 3417 ol.
560 3350 728 3417 LXXXIX
763 3353 894 3418 omnino
927 3375 993 3418 non
1025 3357 1104 3438 apta
1135 3354 1186 3418 sit.
1227 3352 1278 3418 Eo

134 3465 249 3529 melius
269 3463 382 3526 contra
400 3460 511 3524 omnia
534 3459 720 3542 procedunt,
743 3481 816 3523 cum
836 3458 1068 3543 Demophilum
1088 3464 1121 3523 et
1138 3459 1279 3525 Neseam

137 3573 178 3636 ol.
197 3567 333 3634 LXXIX
352 3566 499 3631 floruisse
518 3563 716 3630 statuimus?
748 3564 825 3630 Man
843 3565 939 3648 sicht,
962 3563 1060 3649 Sillig
1077 3564 1196 3629 nimmt
1218 3564 1278 3629 den

137 3675 213 3741 Sata
231 3675 293 3738 mit
309 3675 456 3756 paneam
475 3674 523 3738 als
536 3671 663 3736 Bcweis
682 3671 734 3735 fiir
752 3671 809 3736 das
828 3671 960 3752 insulso
979 3670 1126 3756 licgcnde
1141 3671 1279 3755 Urtbeil,

137 3782 215 3848 oder
236 3781 298 3845 mit
325 3780 445 3844 andern
469 3780 619 3863 Worten,
647 3802 681 3843 cr
708 3779 810 3844 findet
835 3780 869 3844 in
896 3781 968 3844 dem
997 3799 1120 3864 ganzeu
1143 3777 1278 3843 Zusatze

136 3889 188 3954 dic
217 3909 281 3953 von
303 3886 427 3951 Plinius
455 3886 619 3972 gegebene
643 3885 878 3971 Widerlegung
905 3886 1107 3970 derjenigen,
1134 3884 1185 3949 die
1216 3884 1279 3948 den

138 3995 252 4060 Zeuxis
275 3994 367 4059 nicht
389 3995 422 4058 in
442 3993 490 4058 01.
504 3992 547 4057 95
570 3996 703 4058 setzten.
739 3992 818 4058 Dies
840 3993 886 4058 ist
908 3994 986 4057 aber
1008 3991 1191 4077 sprachlich
1213 3991 1279 4057 nnd

226 4239 252 4307 ¹⁸)
272 4238 381 4310 [Itbcin.
401 4239 528 4293 Muscam
546 4238 564 4293 f.
585 4238 686 4294 Philol.
705 4238 738 4292 N.
759 4239 789 4293 1⁴¹.
808 4238 858 4292 Bd.
878 4238 1074 4309 111(1845)p.
1094 4243 1147 4292 475
1160 4236 1202 4310 ft]

212 4344 252 4415 ar)
270 4346 334 4401 Vcn
360 4346 403 4403 01.
423 4351 470 4414 91,
490 4351 505 4400 3
529 4345 571 4399 bis
594 4350 692 4414 95,1,
718 4342 810 4414 nicht,
838 4343 890 4399 wia
914 4343 996 4416 Sillig
1018 4343 1091 4416 will,
1118 4360 1173 4400 von
1196 4349 1279 4415 91,4

137 4435 182 4490 bis
201 4442 248 4505 95,
267 4443 291 4491 3.
