2888 5040
503 130 786 179 commuraurva
1156 112 1218 177 251

54 270 220 338 adiutum
251 294 336 338 esse:
373 295 439 338 nou
471 272 621 357 profecto
652 278 824 358 propterea
855 271 941 356 quod
972 294 1037 337 uon
1070 272 1221 356 aequales

57 380 186 445 aetate
207 379 341 465 fuerint,
373 380 405 445 id
433 380 519 465 quod
545 380 609 446 huc
635 381 720 446 nihil
749 381 882 446 omuino
909 378 1064 462 pertinet,
1094 377 1150 444 sad
1179 378 1220 444 ad

57 506 178 550 umam
204 487 467 552 consuetudinem
500 488 696 554 amatoriam
727 487 836 558 valere
866 485 989 569 potuit:
1020 507 1133 550 verum
1159 485 1221 551 hac

62 614 192 658 caussa
210 593 309 678 quod,
331 597 548 679 quotcumque
572 615 729 660 annorum
751 593 923 659 Terentius
945 592 1017 677 fuit,
1041 592 1087 657 eis
1110 597 1221 658 tamen

65 699 193 783 quibus
216 699 312 764 huius
340 697 470 766 fabulae
497 703 590 766 actae
617 704 694 765 sunt
720 700 936 784 temporibus,
964 699 984 764 i.
1012 720 1038 762 e.
1066 698 1108 764 ab
1135 721 1221 764 anno

69 805 147 871 588
166 804 199 870 ad
215 805 291 890 594,
312 805 378 890 ipsi
396 804 525 871 Laelius
550 811 583 871 et
602 804 711 891 Scipio
730 806 829 871 uimis
849 805 1082 871 adulescentuli
1101 805 1223 871 fuerint

73 931 178 994 quam
200 912 255 996 qui
282 912 333 978 rel
361 911 462 977 talem
489 933 621 997 operam
649 913 852 997 praestitisse
875 913 927 977 vel
952 912 1127 997 significati
1150 933 1221 977 esse

74 1016 185 1082 verbis
211 1016 413 1084 Terentianis
445 1018 533 1084 credi
563 1002 700 1103 possint
754 1018 800 1084 Et
830 1018 947 1084 horum
979 1017 1109 1103 quidem
1139 1016 1220 1082 illud

79 1119 195 1187 Sariba
218 1124 447 1210 inconsultius,
474 1125 537 1191 hoc
564 1129 674 1191 autem
705 1126 790 1191 idem
817 1147 885 1193 non
907 1125 1055 1209 profecto
1079 1125 1147 1191 siue
1170 1147 1220 1189 ra·

81 1229 180 1295 tione.
207 1229 291 1296 Nam
306 1229 416 1316 Scipio
439 1232 468 1297 si
491 1236 541 1297 est
563 1232 729 1298 annosos
751 1235 859 1318 natus,
882 1255 1001 1298 annum
1021 1232 1219 1297 undevicesi-

9 1326 12 1369 ;
86 1355 174 1399 num
190 1338 303 1422 agebat
326 1359 392 1423 quo
414 1342 560 1422 tempore
583 1339 723 1404 scribere
742 1337 911 1403 Terentius
931 1339 1047 1423 coepit,
1070 1338 1219 1423 quintum

87 1443 116 1502 ct
142 1440 313 1508 vicesimum
336 1465 401 1529 quo
425 1443 533 1509 desiit:
561 1465 620 1508 nec
644 1444 748 1510 multo
772 1445 876 1510 maior
894 1449 974 1510 natu
993 1446 1123 1511 Laelius
1142 1444 1219 1529 fuit3

90 1543 130 1608 lb
159 1544 206 1615 hac
224 1554 334 1616 autom
357 1554 466 1635 aetate
489 1573 561 1616 cum
581 1573 696 1617 caussa
713 1573 779 1616 uon
799 1552 843 1616 sit
861 1573 918 1617 cur
936 1551 1126 1617 facultatem
1145 1572 1220 1635 poe·

89 1648 183 1717 ticam
204 1656 439 1742 abiudicemus,
465 1658 657 1743 praesertim
686 1658 721 1723 in
744 1663 813 1724 tum
836 1659 917 1723 benc
940 1657 1115 1743 ingeniatis
1138 1661 1220 1722 tam·

88 1771 155 1832 (1¹¹⁹
178 1760 346 1831 liberaliter
378 1764 539 1830 institutis
573 1765 850 1849 adulescentibus,
881 1769 991 1829 tamen
1021 1764 1056 1827 in
1086 1763 1220 1829 eandem

88 1875 180 1943 “gre
202 1890 275 1936 sane
302 1871 476 1957 intellegas
505 1873 560 1955 qui
591 1871 650 1935 illa
673 1876 725 1936 sat
748 1871 915 1937 commode
939 1870 1134 1936 conveniant
1157 1870 1221 1953 ‘qui

86 1962 170 2071 W
182 1978 333 2044 maia
350 1982 381 2043 ct
392 1977 509 2060 populo
522 1977 659 2060 placent,
678 1999 811 2067 quorrmr
829 1999 923 2061 opera
941 1980 976 2043 in
990 1978 1074 2057 bello,
1097 1979 1132 2042 iu
1150 1979 1220 2061 otio,

85 2081 119 2126 ”⁸
134 2083 241 2159 ”uoto
258 2104 315 2150 uro
327 2085 455 2166 quoquc
468 2088 599 2166 tempore
611 2090 700 2150 uuest
712 2085 779 2149 sinc
791 2082 955 2166 superbio’.
979 2083 1135 2150 ‘Placere'
1152 2084 1219 2167 qui-

80 2161 156 2287 d⁰J¹1
180 2190 296 2274 populo
319 2191 472 2256 universo
496 2189 605 2274 Scipio
627 2191 693 2255 iam
715 2190 790 2255 inde
814 2191 856 2256 ab
880 2213 964 2257 anno
988 2192 1053 2256 586
1077 2190 1141 2255 dici
1163 2212 1220 2274 po-

76 2272 144 2345 tffll
163 2295 346 2381 rectissime,
370 2318 435 2380 quo
458 2295 515 2360 ille
538 2298 656 2362 aetatis
675 2318 797 2362 annum
817 2297 991 2380 septimum
1011 2301 1043 2361 et
1061 2297 1221 2360 decimum

71 2391 179 2461 ³80ns
206 2423 271 2468 uon
304 2402 420 2470 solitae
452 2402 654 2480 fortitudinis
686 2404 822 2470 bellicae
853 2403 1019 2487 specimen
1048 2403 1081 2467 iu
1110 2423 1221 2488 pugna
1234 2424 1274 2464 arr

68 2471 230 2572 pydum
255 2506 415 2593 ediderat,
443 2509 554 2594 paucis
582 2510 688 2575 verbis
718 2533 738 2575 a
760 2510 853 2575 Livio
878 2528 976 2593 ων,
997 2509 1042 2573 44
1065 2530 1221 2573 memora-

65 2581 158 2681 tum,
184 2613 453 2698 splendidioribus
478 2639 498 2680 a
520 2616 697 2681 Plutarcho
720 2617 917 2700 descriptum
941 2615 974 2679 in
998 2616 1067 2685 vita
1089 2616 1221 2680 Aemilii

87 2709 183 2821 {Ulli
204 2743 229 2786 c.
251 2723 309 2807 22,
337 2745 355 2787 o
384 2722 502 2806 quibus
525 2722 604 2787 haec
627 2723 763 2808 adposui
786 2724 945 2808 imprimis
969 2722 1032 2786 huc
1055 2723 1220 2787 facientia:

60 2811 147 2879 “⁰0
179 2828 236 2908 γὰρ
263 2830 401 2908 marroc
425 2830 465 2910 ἦν
489 2830 582 2896 εὐθὺ(
605 2831 638 2896 ἐξ
663 2829 762 2911 ἀρχῆς
786 2832 866 2910 πρὸ(
889 2830 1064 2910 ἡγεμονίαν
1087 2831 1138 2894 καὶ
1162 2851 1220 2895 πο-

61 2902 198 2998 λιῖείοιν
226 2934 270 3000 u‘rc
300 2935 399 3001 ἄλλο(
428 2936 534 3001 οὐδεὶς
562 2941 629 3002 τῶν
658 2941 822 3014 (υγγενῶν
850 2939 1041 3015 κεκραμένοι
1068 2938 1106 3001 τὸ
1135 2938 1220 3017 ἦθος.

61 3003 223 3113 Eundem
248 3041 407 3125 largimur
435 3038 579 3125 (quaudo
608 3041 730 3107 factum
760 3042 963 3128 ignoramus)
986 3045 1132 3128 potuisse
1156 3044 1220 3110 iam

67 3132 153 3200 ⁸¹¹&
170 3167 282 3211 sunum
295 3147 361 3212 594
376 3148 477 3213 semol
491 3149 543 3213 vel
559 3149 676 3213 iterum
691 3149 722 3213 in
739 3149 903 3234 publicum
916 3151 1045 3234 prodire
1060 3155 1220 3216 oratorem

73 3234 129 3298 '‘v‘l
165 3272 290 3319 caussae
322 3257 513 3338 patronum3
550 3255 727 3339 largiamur
759 3256 898 3320 similem
931 3257 1091 3322 similibus
1123 3259 1220 3323 rebus

85 3353 217 3422 gratiam
244 3360 327 3424 inire
355 3382 376 3424 a
397 3359 518 3444 populo
543 3361 690 3444 potuisse
714 3366 812 3445 atque
835 3362 918 3427 ludis
943 3363 1131 3428 funebribus
1154 3364 1220 3428 illis

11 3450 14 3457 ¹
95 3461 167 3526 llo!
186 3466 264 3547 patri
287 3467 429 3533 Aemilio
452 3467 568 3532 Paullo
592 3467 679 3551 fecit,
701 3468 885 3533 fabularum
908 3468 1035 3533 actione
1057 3468 1220 3534 Terentia-

103 3570 195 3634 llfun
219 3572 386 3660 inlustres3
418 3574 497 3639 item
527 3574 707 3659 largiamur
735 3574 926 3639 aTerentio
955 3596 1020 3644 nou
1048 3579 1117 3638 tam
1140 3574 1220 3640 Lae·

107 3658 166 3736 lium
185 3682 212 3742 et
234 3678 428 3764 Scipionem,
452 3702 550 3765 quam
570 3702 671 3745 unum
691 3678 874 3765 Scipionem
894 3679 1011 3762 respici
1030 3679 1064 3743 in
1083 3680 1219 3766 prologo

111 3767 260 3867 Adelphon:
288 3807 401 3851 verum
429 3786 509 3852 haec
537 3790 645 3851 tamen
671 3788 780 3853 omnia
802 3809 869 3852 non
893 3786 1039 3871 profecto
1063 3785 1142 3849 sotis
1165 3810 1219 3852 va-

108 3881 157 3951 lent
175 3891 340 3975 quominus
363 3892 459 3958 nimia
483 3893 653 3979 magnifice
678 3893 736 3958 illa
758 3893 845 3958 dicta
868 3893 934 3957 sint
953 3891 1101 3976 ‘quorum
1122 3915 1222 3976 opera

105 3989 238 4084 inbelle,
267 4000 303 4064 in
331 4000 413 4085 otio,
445 4002 480 4066 in
506 4001 639 4086 negotio
669 4023 737 4066 suo
761 4002 924 4085 quisque
947 4005 1120 4082 tempore
1143 4022 1220 4064 usus

99 4100 153 4186 ar,
177 4127 256 4189 quae
284 4108 318 4170 et
341 4105 383 4171 ad
405 4107 646 4173 multitudinem
669 4129 827 4172 annorum
851 4111 883 4172 et
906 4107 946 4171 ad
970 4104 1220 4190 magistratuum

95 4209 229 4277 uitatem
258 4215 407 4297 spectant
433 4215 617 4279 manifesto.
662 4212 752 4278 Haeo
779 4214 879 4300 igitur
906 4237 978 4279 cum
1007 4211 1138 4296 scripsit
1160 4213 1220 4279 Te-
