2924 5046
484 320 757 368 niscroumsavn
781 319 904 368 uraris.
1200 302 1266 367 375

92 521 100 533 .
131 516 141 530 .
175 515 184 528 .
210 464 283 529 otim
302 463 396 528 XVI
412 464 518 544 fuisse,
534 466 642 545 posteo
664 481 701 525 ee
722 462 876 543 superfluo
898 462 1021 526 additos
1043 462 1126 527 otios
1149 462 1266 527 litteras

91 578 126 637 ct
153 570 269 651 factas
287 569 428 634 XXIII.
451 569 595 635 habemus
617 567 729 632 hocin
752 567 841 632 tibris
862 569 905 631 od
926 568 1055 632 Accium
1077 569 1162 650 opnid
1188 568 1264 634 Vor-

95 697 234 754 roncm‚
256 682 285 740 et
306 697 362 740 our
385 681 428 741 tot
448 677 514 740 sint
534 681 563 739 et
584 694 678 757 priore
700 695 733 738 eo
757 674 862 737 ordine
877 675 994 754 positae
1011 678 1040 737 et
1056 693 1151 755 quare
1169 674 1264 739 adem

96 784 296 851 omninibus
317 787 469 847 vocentur.
513 781 598 846 Item
620 804 650 865 p.
674 781 729 844 272
769 779 867 844 Varro
894 781 977 844 docet
1001 781 1038 844 io
1065 781 1139 844 alto
1166 780 1263 865 tibris,
1277 807 1303 846 ss

98 913 190 975 quos
205 891 250 954 od
257 890 388 954 Accium
397 889 528 970 saepsit,
541 887 731 971 (litteras)X
736 886 786 951 VI
793 886 898 966 fuisse,
906 891 1014 968 posteo
1028 891 1130 950 tamon
1139 888 1264 953 crevisse

102 1004 137 1062 ct
162 998 271 1078 factos
292 1016 355 1062 esse
378 993 518 1059 XXIII.
563 991 717 1077 (Aliunde
744 997 851 1057 tamen
880 1013 1028 1056 manasse
1050 992 1201 1057 videntur
1224 994 1263 1057 de

104 1104 294 1188 generibus
318 1126 335 1167 e
360 1102 505 1167 Varrone
528 1103 680 1182 excerpta
702 1121 733 1182 p.
759 1098 844 1182 143.)
885 1098 1017 1163 Hiscine
1041 1099 1147 1182 aptior
1169 1121 1261 1165 exeo·

106 1209 219 1291 gitari
248 1207 338 1272 locus
367 1210 476 1293 potest
506 1228 602 1290 quam
632 1204 671 1268 de
702 1205 826 1289 origine
856 1206 974 1270 latinae
1004 1207 1135 1289 linguae
1162 1205 1260 1269 libri?

109 1313 250 1395 quando
278 1335 338 1378 nec
367 1315 404 1378 do
430 1312 636 1395 wuormatiae
665 1312 774 1395 plures
797 1309 901 1376 Varro
930 1311 1045 1394 libros,
1078 1312 1133 1376 sed
1161 1335 1259 1377 unum

112 1419 318 1504 singularem
344 1419 540 1503 composuit,
563 1439 623 1481 nec
646 1416 678 1480 in
702 1417 939 1482 commentariis
963 1418 1001 1481 de
1024 1419 1135 1503 lingua
1157 1419 1259 1497 latina

114 1528 241 1590 nostris
269 1549 306 1592 ea
335 1526 527 1611 disputate,
559 1546 641 1609 quae
664 1524 792 1588 institui
815 1525 854 1588 de
877 1524 994 1588 litteris
1017 1526 1139 1610 potuit,
1170 1526 1257 1591 ultra

116 1628 228 1710 ipsum
255 1633 397 1717 primum
427 1633 545 1697 librum
576 1634 685 1714 potest
714 1630 870 1714 producta
899 1652 977 1696 esse.
1028 1630 1127 1697 Vides
1158 1655 1255 1718 quam

121 1739 231 1802 onmia
253 1744 328 1823 apte
352 1740 438 1803 inter
460 1760 495 1802 se
517 1741 646 1819 coeant,
677 1741 714 1800 ut
736 1735 915 1801 Varronem
937 1739 973 1802 do
995 1739 1112 1820 arpino
1133 1740 1256 1823 liupotoc

123 1837 239 1909 latinae
255 1845 348 1910 libros
365 1846 409 1910 ad
420 1845 548 1909 Accium
567 1842 733 1926 scripsisse
752 1842 845 1907 nobis
865 1844 1121 1930 persuadeamus,
1139 1846 1255 1930 quibus

126 1963 158 2007 ea
184 1950 534 2037 parsgrammaticae,
565 1970 647 2033 quae
675 1952 726 2012 est
753 1948 791 2012 de
818 1949 950 2032 litteris,
981 1952 1155 2034 praecipua
1179 1974 1255 2017 cura

127 2058 381 2129 pertractaretur.
413 2057 569 2133 Quocirca
582 2054 762 2119 coniunctis
776 2054 951 2139 Diomedis,
965 2056 1122 2122 Prisciani
1137 2058 1254 2142 ipsius-

128 2174 176 2236 que
196 2165 325 2248 Apuleii
349 2163 546 2228 testimoniis
568 2183 634 2226 non
657 2161 776 2244 poterit
797 2182 862 2225 non
882 2162 991 2227 cedere
1010 2166 1109 2229 semel
1127 2168 1253 2230 tuntum

127 2259 278 2348 iugulari
314 2290 448 2334 numero
484 2272 751 2333 commemoratus
788 2267 872 2351 apud
909 2268 1043 2333 eundem
1079 2270 1252 2355 Apuleium

124 2359 242 2460 itast)
275 2375 344 2441 Nec
363 2375 414 2440 vel
432 2378 522 2439 aetas
541 2372 577 2436 L.
591 2372 682 2436 Accii
700 2377 816 2455 poetae
840 2379 999 2458 repugnat
1016 2378 1068 2441 vel
1086 2378 1252 2463 ingenium

121 2464 297 2548 disSuadet:
329 2482 397 2548 seni
426 2480 526 2564 enim,
557 2479 652 2563 quem
674 2483 801 2544 constat
824 2503 843 2544 a
866 2481 1030 2546 doctrinae
1054 2486 1170 2549 studiis
1195 2487 1252 2550 mi·

117 2573 207 2648 ffllne
233 2590 371 2654 alienum
394 2588 508 2671 fuisse,
530 2587 659 2651 mittere
683 2585 786 2650 Varro
810 2587 996 2653 adulescens
1019 2592 1136 2674 potuit,
1159 2614 1253 2679 quem

115 2689 246 2759 maliure
268 2694 409 2759 seribere
432 2686 575 2776 coepisse
594 2692 674 2757 satis
694 2696 744 2756 est
763 2698 1021 2761 consentaneum.
1045 2697 1149 2774 Quid?
1168 2701 1252 2785 quod

112 2787 149 2850 tel
176 2796 374 2866 Ciceronem
387 2799 532 2864 Varrone
555 2800 722 2884 aliquanto
746 2800 903 2865 minorem
925 2804 1043 2869 scimus
1066 2827 1138 2869 cum
1153 2807 1252 2874 Accio

111 2891 358 2972 adulescentem
376 2907 568 2972 collocutum
588 2927 666 2972 esse.
698 2905 767 2971 Nec
785 2907 865 2972 illud
884 2909 987 2974 iustae
1006 2911 1175 2978 offensioni
1194 2920 1252 3000 est,

110 3009 206 3079 quod
238 3016 270 3079 in
303 3014 421 3079 eisdem
454 3014 691 3079 commentariis
705 3102 707 3107 Ι
723 3015 825 3098 ipsius
848 3015 953 3101 Accii,
984 3023 1021 3083 ut
1052 3042 1068 3084 e
1095 3019 1252 3088 Prisciani

109 3107 388 3205 verbis'discitur,
409 3121 528 3186 mentio
547 3122 633 3186 facta
652 3127 729 3186 erat.
761 3122 811 3186 Ex
828 3122 880 3188 his
900 3130 1008 3191 autem
1027 3129 1132 3214 magis
1152 3130 1251 3196 etiam

82 3208 107 3260 Ι
108 3229 326 3311 perspicitur,
358 3249 454 3311 quam
480 3231 583 3292 semet
609 3228 774 3312 indignam
801 3230 1017 3297 coniecturam
1041 3235 1250 3305 Ruhnkenius
1295 3240 1316 3259 ⁸

108 3335 321 3430 imposuerit
339 3334 423 3417 apud
441 3333 677 3418 Heusingerum
695 3333 800 3399 Mallii
820 3335 979 3403 Theodori
998 3341 1036 3406 de
1056 3347 1147 3409 metr.
1166 3368 1196 3429 p.
1207 3346 1250 3412 64

108 3420 238 3504 lGaigfi
261 3439 353 3504 Metr.
375 3462 406 3523 p.
424 3439 501 3523 563)
524 3440 562 3504 de
577 3439 731 3505 Varronis
753 3443 796 3506 od
817 3445 955 3509 Atticum
977 3448 1068 3515 libris
1092 3453 1250 3539 cogitans

109 3532 232 3646 alioue
260 3547 312 3612 cui
339 3545 469 3632 (mirum
498 3547 600 3632 dictu)
628 3546 782 3614 Varronis
812 3551 851 3614 de
881 3553 948 3618 vita
978 3558 1089 3640 populi
1112 3559 1250 3627 Romani

36 3704 39 3709 .
109 3633 191 3711 llbl'i
214 3653 361 3737 inscripti
378 3652 521 3718 fuissent.
554 3653 655 3730 Quam
675 3656 889 3722 coniecturam
904 3663 1020 3727 merito
1036 3687 1106 3729 cum
1122 3664 1250 3734 Schnei-

111 3777 174 3792 ...κ’

210 3797 329 3804 ..-.—--

210 3881 234 3950 *)
258 3881 367 3936 Similia
389 3884 453 3936 sunt
474 3883 601 3952 exempla
623 3884 688 3938 liter
711 3885 888 3953 optaueridos
905 3892 1039 3962 (meotis)
1056 3896 1085 3951 iu
1103 3898 1250 3960 Itinerario

114 3951 195 4020 lle&
218 3971 253 4026 ll.
272 3988 295 4027 c.
306 3978 331 4040 6,
350 3987 367 4025 a
385 3987 440 4039 quo
457 3988 511 4027 non
530 3972 632 4026 diversi
650 3974 715 4027 libri
732 3977 842 4030 saeuos
860 3977 973 4050 Vegetii
981 3982 1015 4053 V,
1027 3991 1073 4056 1¹3
1091 3987 1160 4045 item
1174 3995 1251 4062 apud

117 4039 277 4113 Charisium
294 4077 322 4129 p
344 4065 394 4113 113
413 4056 557 4115 iiasmtit
580 4061 667 4116 Varro
690 4064 790 4117 librum
812 4083 892 4122 suum
909 4072 942 4126 de
955 4079 1116 4146 poematis’‚
1139 4054 1256 4140 collatis

120 4139 212 4202 1182,
237 4153 294 4203 105.
322 4152 386 4216 114,
410 4145 458 4201 ubi
475 4147 604 4204 Varronis
628 4150 699 4205 libet
724 4154 859 4209 secundus
885 4160 915 4212 et
938 4162 1038 4220 tertius
1063 4167 1096 4222 de
1116 4175 1250 4239 pcccatis

125 4237 378 4292 commemorantur.
415 4235 497 4290 Aliud
523 4239 679 4308 exemplum
706 4243 886 4301 recordabere
913 4265 927 4303 e
956 4257 1014 4318 5⁷·
1055 4258 1087 4313 In
1114 4261 1250 4322 Macrobii

130 4326 232 4389 (imque
250 4325 305 4380 Sat.
325 4327 346 4392 1,
366 4332 398 4381 16
421 4343 510 4382 errore
532 4327 658 4383 nituntur
681 4348 817 4400 cuparum
840 4337 919 4394 libri:
946 4342 981 4398 de
1004 4349 1156 4420 auguribus
1174 4355 1249 4416 enim

136 4417 183 4457 ¹1³0
199 4414 304 4469 tuntum
321 4414 393 4470 libro
411 4415 511 4471 Rerum
529 4417 684 4474 divinarum
703 4421 790 4478 Varro
809 4432 1012 4491 commentatus
1029 4440 1079 4496 est.
