2888 5040
422 124 500 172 srva
525 125 770 171 nannonnnvn
794 125 897 172 araur.
1167 110 1230 172 547

90 269 170 332 satis
202 267 307 333 valere
340 287 510 351 negamus,
547 271 656 331 tamen
693 267 732 331 de
764 269 810 331 rei
844 290 971 332 summa
1006 290 1138 350 prorsus
1174 291 1231 332 nos

89 373 299 438 assentientes
333 373 442 437 habet.
491 373 577 437 Nam
611 395 682 437 cum
716 395 754 437 ex
787 396 839 456 eo,
872 375 956 457 quod
989 374 1073 438 idem
1108 373 1231 441 Gellius

88 479 184 564 alibi,
209 502 290 565 quae
314 501 331 543 e
355 479 495 544 secundo
520 500 627 544 rerum
656 481 837 544 divinarum
866 481 950 544 libro
983 482 1126 564 petierit,
1154 483 1232 545 item

88 584 204 651 afferat
224 608 242 650 e
265 585 421 668 secundo,
443 608 510 650 non
533 608 550 650 e
574 588 696 670 primo,
719 587 952 651 consectarium
977 610 1047 651 esse
1070 587 1132 651 hoc
1155 588 1233 671 volt,

89 694 117 754 nt
144 693 204 756 ille
225 714 315 757 more
339 693 504 758 constanti
525 716 542 758 e
562 694 609 757 rei
629 694 765 757 veritate
784 715 971 757 numerasse
995 694 1095 758 libros
1115 694 1233 759 Varro·

10 870 14 897 ¹
85 797 203 864 nanos
224 799 390 864 credatur:
420 800 609 883 responderi
637 804 747 882 potest-
770 803 803 863 et
830 820 887 882 per
911 822 944 862 se
973 822 1086 882 parum
1110 805 1233 865 certum

85 924 158 968 esse
192 927 252 990 quo
285 905 481 970 Mercklinus
514 907 617 969 utitur
650 906 845 989 exemplum,
882 910 915 970 et
948 907 974 970 si
1010 907 1059 970 vel
1093 909 1232 971 maxime

10 992 14 1017 ⁷
85 1016 210 1077 certum
237 1017 338 1095 esset,
366 1011 447 1076 nihil
477 1012 609 1077 omnino
637 1013 695 1075 tali
724 1012 1003 1096 argumentatione
1032 1013 1131 1096 effici,
1160 1014 1234 1078 erim

10 1102 12 1113 ¹
84 1117 313 1201 neglegentiae
345 1118 396 1182 vel
429 1118 572 1182 incuriae
605 1118 695 1182 notio
725 1139 791 1181 non
824 1121 993 1181 censeatur
1026 1120 1124 1183 moris
1158 1142 1233 1184 con-

83 1223 222 1306 stantia,
246 1225 303 1288 sed
327 1225 362 1288 in
386 1246 423 1289 eo
447 1225 518 1307 ipso
542 1224 701 1288 consistat
723 1228 759 1288 ut
783 1223 904 1306 aliquid
928 1224 986 1288 fiat
1008 1231 1138 1308 praeter
1160 1248 1232 1291 nor·
1249 1248 1268 1287 v

85 1345 181 1390 narn
208 1335 239 1393 et
268 1329 542 1394 consuetudinem.
584 1329 764 1413 Aliquanto
797 1331 929 1413 gravius
962 1354 1137 1414 numquam
1169 1355 1236 1396 non

84 1435 244 1499 sensimus
262 1437 345 1501 illud
360 1459 439 1519 esse,
458 1436 543 1520 quod
557 1457 595 1501 eo
616 1437 701 1520 quod
719 1438 865 1520 proxime
888 1436 1051 1519 praecedit
1071 1439 1177 1522 capite
1196 1439 1236 1503 10

84 1534 179 1603 idem
195 1538 312 1605 Gellius
339 1562 377 1604 ex
401 1541 522 1605 eisdem
546 1563 627 1625 quos
651 1542 802 1606 manibus
826 1543 991 1606 tractabat
1013 1541 1170 1609 Varronis
1196 1543 1235 1608 de

85 1639 283 1729 imaginibus
312 1646 406 1711 libris
436 1647 596 1732 quaedam
620 1669 792 1730 excerpens
821 1649 930 1730 ipsum
953 1649 1073 1713 librum
1094 1651 1235 1733 primum

87 1749 268 1817 rectissime
288 1774 362 1817 eum
381 1753 508 1817 dixefat
531 1754 586 1837 qui
605 1776 718 1818 revera
740 1754 865 1836 primus
885 1759 967 1818 erat:
992 1760 1028 1819 ut
1050 1760 1119 1819 tam
1144 1757 1234 1820 brevi

85 1848 257 1925 intervallo
281 1860 453 1924 interiecto
473 1881 570 1944 aegre
590 1859 737 1925 videatur
760 1860 839 1925 adeo
864 1861 926 1925 sibi
950 1884 1016 1927 non
1040 1862 1235 1946 constitisse,

86 1956 122 2016 ¹1¹²
151 1967 295 2045 proximo
319 1968 426 2050 capite
450 1967 529 2031 item
553 1967 693 2049 primum
718 1968 837 2031 librum
845 2019 853 2050 ,
880 1968 934 2051 qui
959 1972 1046 2032 esset
1069 1968 1235 2052 sccundus,

82 2055 215 2137 diceret
260 2069 322 2136 Sed
360 2073 591 2158 gravissimum
628 2078 738 2136 tamen
772 2074 917 2138 omnium
954 2074 1014 2138 hoc
1048 2080 1111 2157 est,
1148 2075 1234 2160 quod

79 2173 232 2261 mnino,
263 2184 439 2263 postquam
467 2178 610 2243 Pliniani
643 2179 822 2244 testimonii
854 2180 1045 2263 simpliciter
1077 2182 1235 2265 interpre-

82 2266 186 2380 Μ
208 2285 262 2349 vie
284 2285 450 2368 patefacta
472 2289 532 2368 est,
554 2285 716 2350 liberioris
740 2287 775 2351 in
792 2285 893 2350 Gellii
916 2288 1022 2351 verbis
1046 2289 1236 2371 interpreta-

72 2369 184 2452 tl011is
208 2392 385 2456 necessitas
409 2393 513 2456 omnis
538 2393 678 2456 evanuit.

83 2579 90 2591 Ι
175 2496 262 2562 Hinc
284 2502 392 2562 autem
411 2520 483 2563 aum
508 2498 572 2562 alia
595 2503 673 2581 apta
695 2504 770 2563 sunt
792 2505 863 2564 tum
886 2500 947 2565 hoc
967 2500 1173 2584 consequitur
1192 2504 1236 2582 ut,

62 2597 93 2693 {¹¹
124 2592 169 2663 in
195 2604 396 2689 principibus
413 2603 575 2668 Homerus
600 2604 662 2667 fuit
687 2605 770 2669 libro
794 2606 900 2688 primo
925 2604 1122 2688 compositis,
1144 2606 1235 2670 nulla

58 2703 140 2762 ”²11¹
175 2712 292 2776 relicta
319 2731 434 2773 caussa
463 2710 508 2773 sit
538 2731 594 2773 cur
618 2709 757 2773 secundo
781 2710 864 2775 libro
888 2715 1003 2794 poetae
1026 2711 1234 2795 potissimum

59 2785 203 2882 Graeci
220 2816 418 2881 tribuantur:
440 2804 567 2900 quando
583 2817 691 2898 ipsum
705 2816 844 2898 primum
860 2817 965 2882 locum
981 2818 1014 2881 in
1028 2819 1113 2882 libro
1129 2818 1233 2901 primo

53 2890 263 2988 HQmerum
286 2942 461 3004 occupasse
484 2945 551 2987 non
574 2921 669 2986 modo
694 2923 760 2986 ullo
780 2927 868 2989 certo
892 2929 1082 3009 argumento
1106 2947 1234 3008 persua·

52 2996 189 3112 detur,
211 3029 265 3094 sed
284 3050 325 3094 ne
343 3029 589 3111 probabilitatis
609 3029 739 3111 quidem
759 3031 838 3093 satis
861 3029 974 3095 liabet:
999 3036 1113 3096 contra
1136 3036 1234 3115 atque

48 3099 263 3202 Merenao
287 3137 392 3200 visum
417 3138 466 3198 aa
489 3158 519 3218 p.
543 3135 573 3197 9.
600 3136 649 3197 11.
676 3135 715 3199 16
741 3136 829 3216 [aaa.
853 3137 927 3200 539.
952 3138 1041 3218 aaut
1070 3137 1174 3214 ,cuod
1198 3143 1235 3203 ut

49 3227 185 3304 quale
202 3243 245 3305 sit
268 3242 393 3325 plenius
416 3241 651 3325 perspiciatuq
667 3241 707 3305 ad
727 3242 864 3306 alteram
884 3245 1084 3326 quaestionis
1107 3250 1235 3328 partem

46 3331 357 3423 pr“gradiendum
381 3351 431 3410 est
459 3367 541 3430 quae
565 3349 615 3410 est
644 3345 682 3410 de
706 3348 957 3412 architectorum
979 3348 1014 3411 in
1037 3349 1234 3432 imaginibus

90 3451 300 3519 &nonanis
324 3453 407 3518 sede.
449 3453 537 3517 Haec
562 3443 648 3516 eniin
672 3477 744 3518 cum
774 3453 915 3518 ‘decimo
940 3454 1104 3519 celebrata
1129 3457 1234 3520 rolu-

48 3538 189 3637 f¹¹ine
201 3559 321 3625 Marcei
336 3557 527 3623 hebdomas’
543 3559 668 3623 dicatur
683 3561 724 3624 ab
735 3561 882 3626 Ausonio
894 3559 1047 3624 Mosellae
1062 3583 1089 3624 v.
1101 3562 1166 3625 306
1178 3584 1235 3645 sq,

48 3633 94 3700 ιὰ
128 3674 203 3730 nos
225 3665 355 3751 quidem
379 3665 420 3730 ad
443 3664 603 3729 decimum
627 3665 666 3729 de
689 3667 887 3751 imaginibus
911 3666 1054 3730 librum
1074 3666 1234 3732 refereba-

51 3751 155 3824 ΜΗΘ
190 3772 313 3836 ratione
346 3775 383 3834 ut
414 3770 610 3853 putabamus
644 3773 788 3835 omnium
820 3771 1072 3853 simplicissima.
1112 3772 1234 3837 Verum

52 3834 299 3960 ¹911gealiam
322 3876 625 3961 interpretationem
646 3877 781 3941 Ausonii
800 3877 900 3941 verba
919 3876 1090 3941 admittere
1109 3877 1233 3942 Merelr-

56 3939 175 4043 huus
200 3983 269 4065 p.8
294 3982 388 4063 [536]
414 3981 535 4066 arguit:
567 4004 633 4045 non
663 3987 700 4045 ut
727 3983 810 4047 liber
837 3983 992 4065 decimus,
1026 3983 1080 4047 sed
1109 3984 1234 4049 decima

98 4071 293 4152 ebdomas
317 4088 525 4174 significetur,
547 4089 674 4172 quando
694 4089 842 4173 singulae
862 4079 1078 4155 hebdomades
1098 4090 1233 4155 totidem

72 4175 305 4259 l0lumnibus
330 4199 364 4258 et
387 4194 628 4259 continerentur
652 4200 684 4259 et
707 4200 962 4260 numerarentur.
1000 4196 1070 4273 Qua
1093 4196 1234 4261 admissa

967 4301 1021 4356 35*
