2924 5046
139 301 205 364 202
501 317 713 364 unionem
737 317 924 363 l‘aulen'A.

139 482 170 543 p.
189 461 241 543 31,
264 461 298 523 2:
323 458 470 544 ‘bacar,
494 483 551 525 uas
577 460 736 525 uinarinrn
761 459 867 525 simile
889 460 1048 525 bacrioni’
1072 458 1187 548 (quam
1204 462 1328 530 haec:

136 567 313 649 praecedit:
325 565 523 631 ‘bacrionem
537 567 686 631 dicebant
700 587 801 652 genus
815 567 902 632 vasis
916 568 1075 653 longioris
1085 571 1328 659 manubrii’):···

137 672 266 756 quicum
299 674 436 739 aliorum
469 674 703 759 glossariorum
731 696 824 739 voces
853 673 1066 758 ‘baccarium‚
1098 699 1157 742 vas
1187 700 1286 763 equa

136 778 242 861 rium’,
266 779 417 864 ‘bacariq
440 780 562 846 urceoli
581 780 705 866 genus'‚
728 781 793 845 iam
813 779 958 866 Scaliger
977 783 1171 866 composuit.
1208 784 1286 849 lnde

136 885 223 950 enim
250 887 383 951 ductum
411 886 540 951 fabulae
568 908 685 951 nomen
712 910 806 952 nemo
830 911 897 952 non
920 888 1008 953 videt
1031 888 1183 955 debuisse
1208 889 1286 956 ‘Ba-

136 992 273 1058 cararia'
297 1015 376 1078 esse,
398 1015 464 1058 non
487 992 655 1058 ‘Bacaria'.

418 1407 421 1414 .
443 1349 532 1416 Vlll.
573 1350 651 1415 BIS
680 1349 981 1417 COMPRESSA.

226 1510 335 1575 Vnum
365 1510 446 1575 haec
476 1511 586 1577 fabula
615 1515 732 1577 testem
762 1512 863 1577 habeb
887 1512 921 1576 L.
946 1512 1094 1595 Accium,
1123 1536 1143 1578 a
1168 1512 1289 1579 Plauto

137 1616 228 1680 illam
248 1616 500 1681 abiudicanbem:
524 1617 614 1681 ouius
634 1620 733 1682 verba
751 1619 843 1702 posui
863 1621 923 1684 sub
944 1619 1127 1685 AGROECO.
1167 1618 1290 1684 Confer

138 1724 177 1790 de
201 1746 240 1791 ea
261 1722 390 1812 Parerg.
414 1746 444 1810 p.
473 1725 542 1791 138.
570 1726 630 1792 147
655 1725 749 1793 dicta.

549 2080 604 2146 lX.
645 2081 874 2149 ΒΟΕΟΤΙΑ.

704 2241 724 2294 1.

227 2365 280 2430 Ad
303 2366 388 2432 hanc
412 2367 556 2433 fabulam
580 2366 722 2433 Gelliaui
746 2367 860 2452 capitis
884 2366 948 2450 lll,
975 2367 996 2431 3
1020 2364 1216 2449 principium
1242 2365 1292 2431 in·

139 2476 267 2558 begrnm
291 2475 431 2558 spectat,
454 2474 538 2558 quod
562 2477 612 2539 661
635 2474 701 2538 1610
724 2474 899 2538 secundum
923 2496 1008 2556 eam,
1031 2494 1127 2557 quani
1150 2470 1290 2556 Parerg.

138 2603 169 2664 p.
193 2581 233 2647 81
251 2604 319 2666 sqq.
343 2581 575 2664 commendavi,
597 2581 806 2664 scripturam:

228 2704 366 2770 ‘Verum
394 2726 463 2770 esse
491 2704 685 2788 comperior,
712 2705 797 2788 quod
825 2705 983 2790 quosdam
1010 2705 1091 2770 bene
1119 2703 1291 2769 litteratos

137 2813 287 2878 homines
306 2812 410 2877 dicere
429 2810 549 2895 audiui,
568 2811 624 2895 qui
641 2811 811 2894 plerasque
830 2811 938 2875 Plauti
956 2811 1139 2876 comoedias
1159 2811 1293 2875 curiose

139 2924 236 3003 abque
268 2921 418 2984 contente
446 2917 639 3001 16011161111,
669 2939 735 2982 non
763 2917 923 2982 iudicibus
952 2917 1038 2982 Aelii
1066 2940 1124 2982 nec
1147 2915 1292 3002 Sedigiti

139 3048 197 3090 nec
217 3023 344 3090 Claudii
362 3045 421 3089 nec
439 3023 565 3089 Aurelii
582 3045 641 3089 nec
655 3023 746 3088 Accii
760 3045 819 3088 nec
832 3023 960 3089 Manilii
974 3048 1071 3109 super
1088 3025 1141 3089 his
1155 3024 1292 3108 fabulis,

142 3152 224 3216 quae
243 3130 394 3197 dicuntur
412 3131 594 3216 ambiguae,
617 3131 821 3216 crediturum,
841 3132 896 3195 sed
915 3132 978 3215 ipsi
992 3131 1107 3196 Plauto
1126 3131 1292 3198 moribus·

139 3260 203 3322 que
225 3237 349 3323 ingenii
373 3240 470 3322 atque
492 3238 623 3324 linguae
648 3239 725 3303 cius.
755 3238 817 3304 hac
840 3239 926 3303 enirn
946 3238 1056 3303 iudicii
1075 3260 1191 3302 norma
1205 3236 1293 3304 Var-

139 3364 252 3409 ronem
284 3366 412 3428 quoque
444 3365 537 3408 usum
565 3345 720 3410 ridemus.
761 3367 838 3410 nam
867 3348 994 3428 praeter
1023 3345 1096 3409 illas
1126 3367 1226 3409 uuam
1257 3352 1293 3411 61

140 3450 273 3536 uiginti,
296 3471 377 3534 quae
400 3449 657 3516 ‹Varronianus›
680 3455 851 3515 uocantur:
880 3474 960 3535 quas
984 3451 1103 3516 idcirco
1127 3474 1147 3515 6
1170 3454 1292 3518 ceteris

134 3557 340 3644 segregauit,
368 3557 523 3642 quoniam
551 3557 704 3622 dubiosae
732 3578 797 3621 non
821 3560 928 3641 erant,
958 3556 1013 3621 sed
1037 3578 1195 3624 consensu
1220 3581 1292 3624 om·

139 3665 231 3730 nium
254 3664 363 3730 Plauti
392 3685 462 3728 esse
490 3664 718 3729 censebantur:
748 3664 903 3748 quasdam
925 3664 1004 3728 ilem
1029 3665 1110 3730 alias
1132 3666 1293 3749 probauit

141 3772 297 3837 adductus
320 3772 376 3836 filo
400 3775 496 3855 atque
519 3770 638 3835 1606110
661 3772 819 3836 sermonis
839 3771 957 3836 Plauto
977 3772 1194 3857 congruentis,
1218 3795 1293 3838 eas-

140 3900 202 3963 que
225 3878 292 3943 iam
315 3877 501 3942 nominibus
525 3876 663 3941 aliorum
687 3882 860 3961 occupatas
875 3876 992 3942 Pluuio
1011 3877 1202 3943 uindicauit:
1229 3879 1292 3945 sic-

139 3986 189 4051 uli
212 3986 319 4064 islam,
342 4005 440 4069 quam
463 3983 646 4066 nuperrime
670 3983 866 4068 legebamus,
890 3983 941 4048 cui
960 3988 1011 4048 061
1028 4006 1145 4049 nomen
1165 3983 1294 4051 Boeo-

140 4093 205 4157 tia.
241 4113 318 4156 nam
342 4113 415 4156 cum
438 4089 560 4155 inillis
583 4112 647 4153 una
671 4092 703 4153 61
725 4089 845 4174 uiginti
867 4112 932 4155 non
956 4091 1000 4155 611
1023 4094 1143 4155 616666
1163 4089 1294 4175 Aquilii

141 4198 277 4282 dicatur,
299 4197 381 4262 nihil
405 4200 515 4262 lamen
530 4196 634 4262 Varro
659 4196 823 4261 dubitauit
841 4198 920 4281 quin
933 4196 1042 4262 Plauti
1060 4198 1154 4262 foreb
1184 4219 1294 4282 neque

141 4304 223 4368 alins
255 4305 425 4389 quisquam
452 4326 517 4369 non
544 4302 729 4386 infrequens
753 4301 862 4366 l’lauci
890 4303 992 4367 lector
1016 4303 1231 4385 dubitauerit,
1264 4305 1294 4369 si

142 4409 194 4472 uel
219 4408 279 4475 hos
309 4411 398 4477 solos
426 4433 465 4474 ex
493 4433 531 4475 ea
553 4409 665 4474 fabula
688 4430 800 4472 uersus
824 4409 1027 4493 cognouerit,
1054 4407 1294 4493 quiquoniam
