2924 5046
566 340 820 388 noorsrourcrs.
1201 320 1267 385 415

88 484 319 568 eundemque
338 481 495 548 Calenum
518 488 614 566 recte,
637 487 674 546 ut
697 483 903 566 arbitramur,
926 479 1139 544 Schneiderus
1164 481 1183 542 l.
1200 504 1223 544 s.
1241 503 1265 543 s.

92 613 130 674 p.
146 590 235 655 235
255 591 383 655 rettulit
407 589 551 673 Appiani
574 589 613 653 de
637 590 667 655 b.
682 590 741 655 civ.
755 587 812 673 IV,
822 590 864 653 47
889 588 998 670 verba,
1022 587 1138 670 quibus
1153 585 1266 669 Varr0,

93 719 116 759 a
143 695 345 760 triumviris
374 719 402 760 a.
427 697 491 760 710
514 696 728 779 proscriptus,
758 703 909 761 narratur
933 719 952 759 a
975 693 1095 758 Caleno
1120 696 1266 757 servatus

93 823 197 886 esse,
221 805 254 868 in
273 804 363 868 cuius
381 803 461 867 villa
481 803 671 867 delituisset.
687 840 728 848 -
742 802 968 867 Laterensis
988 803 1050 865 etsi
1070 801 1139 865 fieri
1159 805 1267 884 potest

96 913 137 970 ut
171 909 230 977 M.
253 910 418 975 Iuventius
446 910 608 994 cogitetur
631 907 857 992 Caesarianum
889 915 999 974 tamen
1027 908 1145 971 rectius
1174 912 1266 990 puta·

98 1013 214 1080 bitur
235 1019 331 1103 longe
354 1017 412 1081 illo
435 1016 544 1080 notior
558 1015 601 1080 M.
616 1015 782 1079 Iuventius
797 1015 979 1079 Laterensis
1000 1019 1131 1098 praetor
1151 1038 1179 1078 a.
1194 1015 1267 1096 702,

103 1116 145 1181 de
175 1144 253 1206 quo
276 1124 398 1187 multus
422 1121 533 1187 Cicero
558 1121 592 1185 in
615 1121 799 1187 Planciaua.
822 1160 864 1168 -
889 1122 1057 1186 Postremo
1082 1120 1269 1186 Scaevola

104 1223 160 1288 vix
188 1234 247 1294 est
264 1231 297 1296 in
316 1228 549 1294 illustrioribus
568 1228 635 1292 illis
654 1227 769 1293 Muciis
789 1227 950 1293 Scaevolis
970 1229 1168 1312 quaerendus
1186 1235 1266 1293 natu

109 1328 293 1416 aliquanto
317 1335 502 1418 maioribus,
524 1335 580 1398 sed
605 1335 632 1399 si
657 1335 734 1418 quid
758 1334 850 1398 video
875 1335 910 1410 Q.
925 1334 1051 1400 Mucius
1076 1337 1111 1412 Q.
1126 1335 1160 1400 F.
1176 1336 1211 1412 Q.
1227 1334 1267 1399 N.

109 1439 511 1525 accipiendustribunus
535 1464 564 1506 a.
587 1441 667 1524 699,
691 1440 727 1517 Q.
751 1440 916 1506 Ciceronis
940 1443 975 1505 in
998 1442 1080 1507 Asia
1102 1443 1268 1526 provincia

111 1559 231 1613 comes
254 1572 282 1613 a.
306 1548 381 1633 694,
403 1552 518 1632 postea
542 1568 645 1632 augur
667 1548 773 1613 factus
798 1571 824 1613 a.
850 1549 923 1612 704.

215 1654 334 1732 Quodsi
362 1655 397 1718 in
419 1655 535 1720 horum
560 1676 640 1738 quus
664 1656 883 1720 recensuimus
906 1655 1076 1719 hominum
1101 1655 1184 1719 vitas
1209 1655 1268 1718 ali-

113 1766 246 1832 quanto
267 1762 457 1847 diligentius
476 1761 659 1846 inquisieris
679 1785 777 1846 quam
795 1763 890 1827 nobis
909 1784 994 1825 nunc
1014 1766 1064 1825 est
1082 1782 1268 1825 concessum

113 1877 176 1937 1³¹0
212 1870 335 1934 consilii
354 1869 468 1945 ‚nostri
496 1870 623 1933 ratione
651 1869 785 1953 ipsaque
812 1869 873 1933 hac
902 1868 1061 1933 scribendi
1090 1870 1268 1949 occasione,

114 1977 326 2042 memorabili
357 1976 622 2041 documentorum
652 1981 684 2040 et
709 1976 914 2039 multitudiue
938 1980 971 2039 et
994 1976 1151 2039 varietate
1175 1976 1267 2038 intel-

111 2066 225 2166 leges,
252 2106 350 2167 quam
378 2083 522 2147 diversas
550 2082 686 2166 ipsoque
710 2083 851 2165 partium
876 2082 983 2146 studio
1007 2082 1164 2146 discretas
1188 2083 1267 2145 ami-

73 2266 76 2271 ,
112 2176 220 2253 citius
243 2211 301 2273 per
319 2190 507 2253 diuturnum
525 2189 611 2253 vitae
631 2211 759 2253 cursum
774 2187 880 2252 Varro
901 2189 1051 2252 coluerit:
1075 2191 1267 2273 praesertim

111 2285 173 2354 ubi
202 2319 314 2363 eorum
337 2297 471 2362 nomina
494 2295 671 2377 addideris,
694 2295 809 2377 quibus
834 2296 884 2358 vel
910 2296 1083 2379 ampliores
1108 2319 1267 2361 commen·

111 2388 227 2468 tarius
251 2402 428 2486 inscripsit,
451 2405 489 2466 ut
512 2399 668 2484 Ciceroni,
691 2401 856 2484 Pompeio,
879 2399 1022 2485 Caesari,
1046 2402 1080 2468 P.
1100 2403 1267 2486 Septimio,

108 2490 286 2592 Marcello,
309 2507 440 2591 Liboni,
463 2506 562 2573 Accio
586 2506 647 2592 (de
663 2530 726 2591 quo
750 2507 829 2571 alibi
853 2507 1005 2592 dicetur),
1038 2509 1087 2573 rel
1111 2509 1267 2592 epistulas

108 2606 215 2680 'nisit
237 2620 274 2680 ut
296 2614 346 2701 (C.
369 2614 502 2702 Epidio)
525 2615 674 2699 Marullo,
697 2612 863 2700 (Claudio)
887 2614 1019 2698 Neroni,
1043 2614 1109 2680 Ser.
1124 2615 1268 2699 Sulpicio

83 2774 93 2799 ,
106 2701 262 2787 (Galbae
277 2745 320 2786 an
333 2719 466 2806 Rufor),
483 2720 586 2786 Fabio
601 2719 741 2806 (Sangae
758 2744 799 2784 au
813 2722 956 2786 Maximo
976 2745 1016 2786 an
1032 2720 1222 2806 Vergiliano
1229 2722 1267 2807 P).

106 2808 217 2892 Quod
240 2851 337 2893 omne
360 2828 455 2911 quale
479 2827 523 2892 sit
545 2832 578 2890 et
602 2851 699 2911 quam
719 2829 785 2892 vim
808 2828 930 2894 habeat
953 2830 993 2893 ad
1018 2834 1104 2893 recte
1129 2829 1268 2892 iudican-

104 2913 176 2989 d⁰8
205 2933 365 3000 Varronis
392 2956 498 2998 mores
527 2938 559 2998 ct
586 2934 765 3020 ingenium,
798 2959 861 3000 uon
891 2937 960 3000 sine
984 2937 1090 3000 fructu
1115 2959 1268 3019 quaerere

101 3040 406 3135 possevidemini,
428 3040 456 3104 si
480 3041 535 3124 qui
558 3042 686 3106 naviter
709 3042 825 3106 voletis
849 3042 882 3104 iu
906 3041 990 3107 hauc
1013 3044 1267 3127 disputationem

100 3147 318 3213 mcumbere.
348 3142 390 3193 ..'
417 3146 591 3212 Praeterea
614 3170 712 3211 unum
737 3151 845 3212 exstat
868 3149 901 3212 in
925 3149 1083 3214 librorum
1107 3150 1267 3214 indicibus

100 3227 403 3320 Varronianorum
416 3277 535 3320 nomen
550 3254 689 3318 Romani
704 3241 855 3338 hominis,
870 3256 965 3339 idque
981 3258 1060 3321 adeo
1076 3279 1267 3341 cognomen:

96 3334 287 3439 swanus,
310 3346 374 3445 qrio
392 3383 459 3425 non
477 3360 690 3426 dubitandum
710 3361 785 3445 quin
807 3360 840 3426 Ο.
855 3362 977 3427 Atilius
993 3361 1149 3428 Serranus
1168 3361 1284 3448 signi-⁴

95 3439 246 3533 fieetur.
292 3465 355 3532 Sed
383 3468 415 3532 id
443 3473 554 3533 tamen
582 3472 614 3531 et
642 3491 661 3532 a
688 3467 949 3552 logistoricorum
979 3472 1134 3536 societate
1163 3474 1267 3537 seiun-

93 3566 264 3660 gendum
289 3597 359 3639 csse
378 3575 468 3640 etde
487 3575 715 3658 satirapotius
735 3576 1021 3661 interpretandum,
1045 3601 1117 3643 eum
1137 3579 1267 3662 gemina

91 3671 293 3765 mseriptio
315 3701 432 3765 graeca
449 3686 639 3766 argumento
660 3687 710 3745 est
733 3684 804 3760 περὶ
823 3682 1040 3761 ἀρχαιρεειών,
1065 3691 1134 3747 tum
1157 3707 1266 3748 uume-

90 3775 234 3877 {01'um
255 3789 291 3852 in
314 3787 439 3852 duobus
462 3787 656 3871 fragmentis
680 3788 835 3873 vestigia,
859 3791 943 3872 apud
967 3789 1109 3854 Nouium
1133 3814 1164 3874 p.
1187 3792 1266 3856 259:

87 3870 120 3925 π
152 3901 277 3965 petere
305 3893 471 3977 imperium
495 3894 607 3976 pepuza·
635 3895 664 3958 a
694 3896 870 3959 camare
901 3895 1044 3960 anae:
1082 3896 1267 3980 ibidemque

87 3987 123 4046 Ρ·
157 3994 258 4067 455:
289 4006 426 4067 rostram
448 4000 656 4082 probardendo
678 4002 859 4066 incesserent
881 4001 942 4086 (sic
965 4002 1052 4065 euim
1077 4025 1148 4066 cum
1172 4004 1266 4067 lunio

86 4094 327 4173 seribendum
352 4106 506 4192 videtur),
534 4108 651 4191 quibus
680 4108 784 4172 exitus
814 4109 851 4171 fit
878 4110 946 4172 sive
970 4111 1088 4173 senarii
1112 4111 1178 4174 sive
1202 4114 1267 4173 tro·

86 4180 231 4278 θῙῑῑὶίετί
252 4215 437 4299 septenarii

108 4391 117 4403 ,
218 4318 375 4405 Tempora
398 4321 426 4385 si
449 4321 625 4387 lustramus
650 4345 760 4387 eorum
783 4323 964 4406 hominum,
995 4325 1109 4409 quibus
1134 4324 1267 4409 logisto-

88 4408 215 4486 ¹¹⁰08
236 4427 406 4512 inscriptos
430 4427 707 4512 deprehendimus,
729 4431 876 4513 proximo
900 4431 934 4494 in
952 4435 1267 4515 utramquepartem
