2888 5040
507 344 783 393 urscranruravn
807 345 928 392 umnrs.
1222 329 1288 394 379

154 473 321 569 disciplinis
340 487 408 552 illis
427 486 635 551 enucleandis
655 486 856 552 elaboratum
871 510 950 570 esse,
968 488 1003 552 in
1022 489 1288 572 arithmetica,

162 593 392 675 geometrica,
415 593 574 675 musica,
598 594 867 677 grammatica,
890 594 1098 659 rhetorica.
1131 594 1288 671 Quocirca

173 690 222 762 lan
240 697 439 784 Augustinus
461 696 496 784 (ᾗ
523 698 555 786 1)
587 700 621 764 in
644 699 794 764 omnibus
818 719 954 783 regnare
976 722 1128 766 numeros
1152 700 1288 767 dixerat.

175 797 239 876 Vuae
262 804 464 890 singularum
495 806 616 870 artium
641 810 754 871 mutua
780 806 866 870 inter
894 829 927 870 se
956 808 1109 891 cognatio
1132 809 1167 872 in
1190 831 1287 873 unam

125 896 129 1045 Ι
178 910 347 989 potissimum
377 917 504 996 partem
535 912 648 977 valuit.
693 912 779 978 Nam
810 935 881 977 cum
912 935 929 977 e
960 912 1200 980 mathematicis
1231 938 1287 980 nu-

125 1060 128 1087 ,
178 1017 246 1080 neus
271 1039 445 1102 suspensae
476 1019 542 1084 sint
573 1019 717 1083 rationes
745 1019 900 1102 musicae,
932 1041 970 1083 ex
1000 1019 1052 1084 his
1081 1025 1190 1085 autem
1219 1023 1288 1105 apti

125 1090 129 1147 l
176 1124 268 1188 reneri
294 1111 463 1208 poetarum
485 1126 684 1191 carminibus
707 1124 862 1206 adhibiti,
891 1148 1019 1190 rursum
1043 1131 1151 1192 autem
1174 1127 1209 1192 hi
1232 1150 1289 1192 nu·

173 1231 236 1294 neri
257 1253 322 1296 cum
351 1231 462 1317 aliquo
489 1236 746 1316 temperamento
774 1233 814 1296 ad
843 1233 1024 1297 orationem
1052 1234 1198 1299 versibus
1222 1257 1288 1299 non

169 1337 309 1403 mtrietam
336 1339 503 1404 translati:
537 1339 744 1423 consequitur
772 1360 843 1403 earn
868 1343 985 1424 artem,
1013 1341 1063 1404 cui
1087 1363 1206 1406 nornen
1229 1343 1287 1407 im·

164 1442 288 1522 positum
314 1444 515 1527 metricae,
543 1447 631 1508 certo
659 1444 825 1509 societatis
854 1445 981 1510 vinculo
1012 1450 1141 1512 etcum
1165 1449 1287 1514 musica

162 1550 191 1608 et
226 1571 282 1614 cum
310 1550 527 1636 grammatica
557 1552 590 1613 et
622 1572 696 1615 cum
723 1533 884 1614 rhetorica
911 1552 1079 1617 contineri.
1124 1553 1225 1619 Velut
1253 1555 1288 1619 in

159 1652 345 1722 arithmetica
367 1658 459 1723 locus
481 1657 546 1721 fuit
567 1656 709 1722 numeris
732 1656 873 1721 bemmlic
890 1661 923 1721 et
940 1659 1062 1739 cpitrIto
1081 1659 1287 1744 explicandis,

157 1754 197 1819 le
225 1762 320 1844 quibus
343 1764 468 1830 Gellius
491 1761 613 1845 XVIII,
639 1763 680 1827 14
703 1761 858 1828 disseruit
880 1763 986 1847 ipsum
1009 1764 1148 1830 fortasse
1167 1764 1286 1832 Varro-

156 1879 234 1930 nem
253 1871 433 1954 respiciens:
465 1874 700 1935 commemorat
727 1869 813 1934 enim
841 1891 896 1934 eos
919 1872 974 1951 qai
995 1872 1036 1934 cle
1057 1875 1221 1937 cremeris
1244 1875 1287 1938 la·

158 1967 227 2035 linc
244 1978 431 2059 impactum,
463 1980 496 2041 et
523 1976 707 2060 insequenti
735 1977 842 2060 capite
871 1977 936 2041 alia
960 1998 977 2039 e
1000 1975 1159 2043 Varronis
1181 1978 1286 2044 Disci-

159 2070 307 2150 plimrum
328 2082 422 2147 libris
444 2082 582 2146 metrica
604 2082 774 2165 expromit.
810 2082 937 2148 Rursus
960 2089 1069 2148 autem
1089 2087 1286 2170 geometriae

161 2193 235 2246 vum
250 2188 445 2253 arithmetica
466 2187 619 2270 affinitas,
642 2186 681 2251 de
705 2210 768 2273 qua
787 2188 908 2254 multus
927 2193 977 2255 est
990 2189 1176 2257 Marcianus
1189 2192 1237 2257 VI
1255 2216 1286 2277 p.

164 2277 228 2352 227
238 2313 282 2378 sq,
301 2294 417 2378 effecit,
434 2295 473 2357 ut
491 2293 592 2358 etiam
612 2314 685 2358 cum
703 2295 955 2378 geometricis
969 2302 1002 2361 ct
1016 2298 1158 2363 musicae
1174 2302 1206 2364 et
1221 2321 1286 2364 me-

168 2384 256 2473 tricas
272 2401 412 2472 rati0nes
443 2404 717 2482 compararentur.
761 2400 800 2466 Id
822 2401 1013 2486 planissime
1044 2405 1285 2491 intellegiture

175 2497 247 2567 valle
260 2507 458 2573 memorabili
473 2506 571 2572 Gellii
591 2507 695 2590 capite
713 2509 752 2574 18
772 2509 848 2574 libri
865 2509 955 2594 XVI,
975 2512 1031 2576 ubi
1043 2533 1123 2593 pars
1135 2515 1286 2594 macedam

182 2601 216 2668 Ill
228 2616 406 2692 cameracae
428 2608 545 2697 ὀπτικὴ
565 2615 748 2696 appellatur,
771 2637 849 2696 quac
866 2618 909 2680 ad
926 2618 1026 2682 oculos
1038 2620 1189 2700 pertinet:
1207 2640 1287 2701 pars

181 2707 255 2796 Vtra,
272 2742 346 2802 quac
369 2722 413 2786 ad
433 2723 531 2806 carris,
553 2717 714 2804 κανονικὴ
738 2727 876 2801 uocatur,
899 2745 961 2804 qua
984 2726 1094 2789 meses
1115 2730 1151 2788 ut
1170 2725 1285 2805 sanda-

181 2827 249 2889 merc
272 2829 348 2893 artis
374 2848 449 2892 suae
475 2832 615 2891 utuntur.
643 2832 772 2910 utruque
798 2828 911 2894 harum
933 2832 1043 2912 spatiis
1065 2836 1093 2895 ct
1115 2833 1270 2896 intercall'

175 2922 294 2996 laeam
315 2938 344 2997 ct
364 2935 484 2998 ratione
501 2954 700 2998 nrcmcrorum
718 2940 843 2999 coastat.
879 2935 925 3000 Et
942 2937 1136 3021 interposita
1155 2939 1284 3018 ὀπτικῆς

170 3033 357 3123 descriptione
377 3040 424 3104 sic
443 3040 566 3124 pergit:
580 3035 741 3123 auvavensi
761 3046 863 3105 aretem
882 3043 1086 3125 turpitudines
1104 3051 1132 3110 ct
1148 3047 1285 3110 altitude

158 3163 207 3211 aas
222 3148 295 3211 aas
316 3147 463 3212 caditur.
487 3147 606 3229 tangar
628 3168 772 3212 massera
794 3150 873 3214 acas
897 3146 1028 3234 ῥυθμὸς
1048 3153 1170 3231 dicitur,
1192 3153 1286 3218 altior

151 3250 251 3337 μέλος.
267 3259 309 3318 est
325 3253 432 3318 etalio
444 3254 592 3339 spectem)
606 3275 684 3336 qriae
696 3255 870 3336 appellatur
884 3255 1030 3341 μετρική,
1047 3280 1105 3341 per
1118 3280 1212 3342 qima:
1225 3261 1284 3343 syl·

144 3360 287 3426 labarum
309 3361 471 3443 longarum
493 3366 522 3425 et
541 3356 679 3425 meviam
701 3366 730 3426 ct
750 3363 948 3426 mediocrium
970 3366 1116 3430 cunctere
1133 3372 1162 3431 et
1179 3369 1285 3432 modus
1298 3385 1324 3425 ³1

137 3487 308 3551 magmas
324 3487 393 3531 cam
405 3468 574 3549 princepiis
583 3471 765 3551 peccatrice
778 3471 905 3534 aurium
919 3492 1063 3537 occasura
1076 3475 1283 3539 examinatur.

132 3575 233 3643 Haec
255 3577 361 3638 autern
385 3574 495 3639 omnia
515 3597 553 3639 ex
573 3575 719 3640 Varrone
739 3581 869 3660 sumpta
888 3599 958 3642 esse
977 3579 1017 3642 iis
1036 3580 1184 3663 arguitur
1203 3601 1284 3662 quae

127 3682 204 3750 illis
231 3677 355 3744 Gellius
378 3681 560 3746 continuat:
584 3683 637 3746 secl
656 3681 737 3763 haec,
759 3685 861 3765 inquit
877 3685 925 3748 M.
952 3684 1059 3768 Varro,
1080 3690 1137 3749 crit
1159 3687 1283 3750 omnam

125 3810 197 3857 non
228 3788 389 3867 discituris,
420 3793 478 3852 aut
496 3790 590 3870 prius
616 3790 790 3855 &obtineas
811 3812 905 3873 qaam
927 3792 1138 3875 intellegamus
1160 3813 1215 3857 cur
1236 3794 1283 3858 di·

205 3999 233 4068 *)
255 4001 402 4064 κανονικῆ(
420 3998 505 4068 vulgo
525 3998 651 4053 additum
671 4000 751 4055 abest
769 4001 804 4054 ab
821 4000 927 4070 optimo
942 4001 1037 4055 codice
1052 4002 1099 4070 qui
1114 4003 1157 4057 est
1169 4002 1282 4072 Regius,

125 4094 211 4148 recte
236 4089 334 4140 autem
357 4085 526 4155 cogitatione
550 4088 676 4142 additur:
701 4089 895 4143 diciturenim
914 4089 1031 4144 metrica
1048 4090 1134 4145 tertia
1151 4091 1282 4145 accedere

125 4175 315 4250 :hythmicac
339 4177 369 4228 et
391 4174 417 4229 ei
440 4175 495 4229 arti
517 4194 589 4245 quae
608 4178 644 4231 ad
664 4180 744 4242 μὲλοε
763 4179 907 4248 spectati.
927 4196 950 4234 e.
969 4179 1156 4234 harmonicae.
1184 4196 1282 4249 paeme-

125 4270 202 4325 !riae
226 4261 379 4318 addiderat
398 4262 567 4333 Stephanus:
592 4266 637 4321 cui
659 4267 751 4321 fraudi
774 4269 867 4322 luerat
884 4285 1015 4337 perversa
1032 4267 1061 4320 in
1079 4267 1162 4322 tItulo
1182 4268 1282 4339 capitis

125 4355 264 4428 maio:
290 4354 325 4406 dc
342 4358 426 4421 parte
446 4357 605 4422 yconwtrice
622 4373 692 4424 quac
710 4351 810 4425 ὀπτικὴ
831 4358 996 4426 appellatur,
1015 4361 1040 4410 ct
1057 4357 1119 4410 iren:
1138 4358 1196 4413 alia
1214 4375 1283 4428 quae

125 4438 283 4511 ιανονική,
302 4446 328 4497 e:
346 4443 428 4498 tertia
445 4443 539 4500 itidem
556 4462 626 4514 guae
643 4447 746 4500 dicr'tar
766 4443 889 4515 μετρική.
