2924 5046
190 113 256 178 260
583 131 621 177 m
644 131 752 178 vrrrn
776 130 942 178 susurru

189 272 319 338 nollem.
355 272 442 338 Nam
460 273 494 336 in
512 294 627 337 narem
645 274 850 358 praemisisse
875 272 1020 338 sarcinas
1042 272 1073 336 is
1096 276 1227 337 tantum
1250 294 1317 337 ree·
1356 303 1370 337 ·,

191 379 308 444 dicitur
331 379 394 463 qui,
417 379 451 443 in
474 379 570 444 litore
593 382 719 443 restans
743 402 925 463 parumper,
949 401 1020 444 eam
1039 399 1155 443 narem
1174 378 1244 462 ipse
1263 400 1370 445 oet

190 507 360 550 scensurns
384 489 449 549 est:
478 508 558 570 quae
582 486 742 569 quomodo
766 487 884 570 perire,
908 485 1053 550 nondum
1077 505 1209 570 egressa
1231 488 1370 568 port:

188 591 317 676 potuit?
354 591 485 656 Rectius
508 614 577 656 rem
600 593 703 657 menti
726 615 802 657 suae
827 593 966 677 scriptor
988 594 1074 658 vitae
1098 591 1370 657 Ambrosian=

189 697 402 781 informabat,
430 699 636 782 quantumvis
665 700 693 762 is
718 702 975 764 commentorum
997 697 1095 763 ferax.
1119 734 1163 743 —
1186 695 1370 763 Ceteru-

188 826 270 870 nartc
292 805 401 888 potius
425 826 523 888 quam
545 807 624 869 nurci
647 829 684 869 ex
707 806 790 870 nuuc
815 805 949 888 efficias,
972 808 1010 868 ut
1031 804 1090 869 Iul.
1109 804 1161 869 52.
1186 804 1270 889 Aug.
1287 806 1346 869 1-

69 965 71 970 .
190 911 262 976 Tib.
288 913 337 976 14.
361 911 425 977 Tit.
450 912 471 976 5
494 917 527 977 et
549 912 698 995 fortasse,
721 912 760 976 de
784 934 848 995 quo
872 933 990 995 anceps
1013 910 1180 994 iudicium,
1202 911 1261 976 lul.
1283 912 1370 976 (ἓ

189 1017 294 1083 Semel
325 1021 453 1083 tantum
483 1019 517 1082 in
540 1003 739 1083 Memmiano
770 1019 879 1084 codice
909 1018 1073 1102 proditum
1102 1020 1183 1082 narei
1210 1039 1370 1103 reper-

189 1124 273 1211 Aug.
296 1125 348 1208 98,
371 1129 541 1208 praeterea
564 1124 602 1189 de
626 1124 707 1189 rhet.
733 1126 749 1189 1
775 1128 855 1189 extr.

278 1229 383 1294 Versu
407 1229 425 1293 5
456 1231 490 1293 in
512 1232 568 1294 uio
591 1231 699 1313 Appia
726 1231 920 1314 pravissimo
945 1230 1097 1295 instituto
1120 1231 1370 1296 Burmanni:

190 1337 274 1420 quod
299 1333 397 1400 etiam
420 1336 526 1420 magis
545 1337 663 1401 mirum
679 1336 944 1421 Oudendorpium
963 1359 1119 1402 servasse.
1149 1335 1370 1425 Numqui-..1

188 1466 255 1509 non
295 1443 417 1508 omissa
457 1444 699 1527 praepositione
740 1445 868 1510 locutus
905 1443 1092 1510 Suetonius:
1137 1445 1195 1508 uic
1230 1444 1370 1528 Aflvr·

189 1548 301 1616 Claud.
325 1553 358 1634 l,
386 1550 442 1614 vit.
465 1549 569 1613 Persii
598 1547 702 1634 (cuius
732 1552 892 1616 recentior
915 1550 1044 1615 demum
1067 1551 1227 1634 interpres
1250 1566 1370 1635 apt]

134 1679 174 1718 ser
188 1656 336 1721 Iahnium
359 1679 390 1740 p.
414 1656 478 1720 239
502 1658 537 1720 ic
561 1656 713 1741 addidit),
736 1657 816 1721 item
839 1659 873 1721 in
896 1658 965 1722 vita
987 1657 1085 1721 Ennii
1111 1657 1196 1741 apud
1219 1655 1370 1720 Hier-⁴

188 1785 332 1847 nymum,
355 1762 406 1827 rel
425 1763 532 1845 Amilo
552 1763 744 1847 simpliciter
762 1764 832 1828 Tib.
845 1764 895 1847 72,
918 1765 975 1827 nio
987 1763 1193 1830 Praenestina
1215 1765 1249 1828 in
1269 1757 1370 1827 vi⁴¹

189 1868 302 1953 Attae,
330 1870 380 1933 vel
404 1871 532 1935 inverso
556 1869 668 1935 ordine
691 1871 903 1936 Aurelianis
925 1871 1018 1935 Galb.
1042 1872 1099 1954 20,
1128 1870 1258 1935 Salaria
1279 1881 1370 1934 σι’

188 1973 286 2058 Vesp.
314 1975 367 2057 12,
395 1977 514 2041 Latino
536 1979 592 2042 nio
614 1977 709 2041 Dom.
735 1977 789 2041 17:
823 1999 905 2061 quae
929 1978 1078 2061 exempla
1100 1998 1204 2062 prope
1227 1986 1370 2041 omit?

189 2080 341 2164 adposuit
364 2079 512 2146 Rothius.
559 2083 764 2167 Quamquam
791 2083 826 2147 in
853 2103 944 2148 sacro
970 2085 1027 2148 reio
1050 2083 1136 2173 idem
1161 2082 1302 2149 Suetoni
1338 2095 1370 2133 Ἰ

61 2218 66 2225 ·
189 2188 240 2252 bis
263 2188 291 2253 d.
314 2187 374 2252 lul.
397 2188 440 2252 46
464 2193 497 2253 et
521 2190 571 2254 80.
617 2188 701 2253 Item
730 2191 765 2253 in
792 2191 849 2253 eric
871 2191 1067 2255 Laurentina
1098 2189 1222 2255 Gellius
1250 2207 1283 2272 x,

188 2295 216 2359 si
240 2295 370 2380 integra
393 2295 564 2379 scriptura.

276 2401 353 2484 Pag.
367 2401 463 2475 aar
486 2403 530 2467 orl
549 2401 669 2468 Martis
690 2402 803 2466 udlom
827 2401 912 2467 libri.
946 2401 1015 2466 Nec
1038 2402 1139 2466 fuisse
1162 2402 1264 2467 ullam
1282 2410 1370 2467 ν’

188 2509 296 2593 Appia
317 2509 429 2574 erilium
451 2507 568 2574 Martis
592 2530 651 2573 nee
675 2509 813 2593 cogitari
835 2530 931 2592 posse
950 2506 1139 2592 Schopenus
1163 2509 1255 2593 vidit,
1274 2520 1370 2574 aa*

189 2617 253 2680 lura
274 2614 489 2700 probabiliter
512 2614 673 2679 coniciens
697 2613 908 2697 explicandae
931 2613 1068 2680 barbitos
1095 2615 1168 2681 voci
1192 2614 1370 2686 mari-2

188 2727 258 2788 tum
288 2744 366 2788 esse.
417 2719 515 2786 Cuius
548 2721 620 2805 ipsa
649 2721 748 2785 verba
777 2719 879 2784 habes
907 2720 941 2784 in
970 2719 1172 2786 Fleckeiseni
1201 2716 1370 2806 prael?

188 2853 219 2914 p.
250 2849 310 2895 vn.
365 2829 435 2904 Quo
467 2829 572 2913 magis
605 2829 763 2893 miramur
794 2849 904 2892 rursus
936 2831 1112 2910 patronum
1143 2827 1193 2891 illi
1225 2828 1254 2891 si
1284 2814 1370 2891 d

188 2937 297 3020 placet
323 2935 420 3000 villae
444 2935 601 3000 Rothium
630 2958 660 3019 p.
685 2934 748 3000 186
776 2934 936 3017 extitisse,
970 2932 1118 2998 Suetonii
1148 2934 1367 2999 testimon

127 3122 132 3132 ἢ
189 3063 285 3106 usum
308 3041 392 3124 quod
416 3046 466 3106 est
489 3042 523 3105 in
549 3042 615 3106 vita
637 3040 762 3105 Tiberii
785 3062 853 3124 cap.
878 3038 934 3104 65:
967 3059 1026 3121 per
1048 3059 1159 3104 neuen
1175 3040 1370 3123 prorrr‘rrd⁴

188 3167 304 3213 menses
330 3168 392 3212 non
420 3169 555 3232 opressus
581 3153 626 3213 cst
652 3147 732 3212 uilla
759 3168 837 3229 petae
862 3151 992 3210 crocatur
1014 3145 1114 3210 Imris.
1159 3146 1205 3212 Et·
1226 3150 1370 3213 came

189 3255 320 3320 conlato
351 3254 465 3321 Tacito
501 3255 616 3319 Annal.
646 3273 691 3337 ιν,
720 3254 760 3318 67
794 3252 921 3336 pridem
953 3251 1156 3317 intellectum
1188 3258 1240 3319 est
1267 3257 1370 3319 110³

135 3428 140 3434 ,
189 3362 287 3426 aliam
317 3361 412 3426 huius
442 3361 584 3426 nominis
612 3362 770 3426 rationem
800 3380 870 3424 esse
897 3358 961 3423 nisi
990 3358 1076 3442 quod
1104 3358 1272 3425 duodecim
1332 3343 1370 3411 1⁰¹

189 3465 323 3553 Capreis
346 3468 454 3532 insula
477 3467 564 3531 villis
585 3469 654 3548 suis
678 3466 817 3552 privatis
831 3464 980 3530 Tiberius
1000 3465 1162 3531 arbitratu
1179 3486 1239 3532 sno
1255 3464 1370 3529 ἄηθ’

188 3575 291 3640 decim
315 3575 448 3639 deorum
471 3575 604 3640 nomina
627 3573 801 3638 indiderat:
824 3572 856 3636 id
880 3570 965 3657 qnod
988 3590 1072 3635 nnus
1091 3570 1230 3657 quisque
1246 3554 1362 3637 vido!

190 3681 230 3746 ad
258 3681 421 3766 publicum
449 3702 567 3745 nomen
595 3680 682 3744 aedis
710 3677 858 3763 publicae
889 3676 970 3742 nihil
999 3698 1133 3763 prorsus
1162 3678 1344 3765 perfirm-

188 3786 258 3853 Nec
285 3787 361 3853 hinc
388 3809 454 3852 non
481 3787 586 3851 aliena
613 3786 692 3851 uilla
714 3784 833 3849 Martis·
860 3784 895 3846 ic
917 3784 1084 3866 Apennino
1110 3782 1183 3869 illa,
1214 3782 1251 3851 in
1269 3794 1332 3871 q!

188 3895 391 3959 Pertinacem
413 3892 494 3976 Imp.
513 3895 625 3957 notum
644 3891 745 3956 Iulius
765 3887 970 3973 Capitolinus
993 3892 1049 3954 c.l
1073 3889 1248 3974 perbibere
1267 3908 1321 3957 ωε

189 4002 288 4066 ditur:
310 4000 365 4065 ubi
388 4000 468 4064 oilla
490 4000 601 4063 metris
625 4002 676 4063 est
698 3998 732 4061 in
755 3996 908 4060 Palatino
930 3995 1049 4061 codice

277 4106 400 4170 Versus
414 4107 494 4171 7-s
513 4107 547 4170 in
568 4127 662 4190 quem
678 4104 834 4168 ambitum
851 4102 1068 4187 pinguissima
1080 4102 1316 4189 interpolatin'

190 4213 365 4296 creverint,
389 4215 469 4278 satis
493 4235 591 4296 supra
614 4212 814 4296 disputatum
838 4213 889 4275 est
912 4209 952 4274 ad
974 4230 1006 4293 p.
1030 4208 1107 4293 206,
1129 4208 1316 4299 840?ss
