2888 5040
184 113 250 177 400
608 130 655 175 nu
679 130 714 175 u.
728 129 902 176 vannorum

183 274 259 336 strue
280 272 391 337 surturi
412 270 526 334 turrestu
548 292 569 333 o
588 272 741 351 percussis
763 272 902 352 ipserum
924 271 1029 335 urina.
1060 269 1210 355 XXXIII,
1222 273 1322 355 4,sz

145 403 170 441 ee
184 399 262 442 uarro
283 397 426 441 ermricus
448 377 555 439 uereri
577 377 625 440 M.
654 377 753 441 Varro
777 383 882 442 erutor
904 382 955 443 cst.
1001 375 1153 462 XXXVI,
1175 379 1223 461 27,
1239 378 1325 444 202:

183 487 226 549 nd
247 485 389 549 cmcuulso
412 484 528 546 uiscera
550 489 607 546 uret
625 489 761 562 contusa,
783 489 820 547 ut
832 485 882 548 M.
898 472 1014 549 Varro':
1038 486 1117 568 ipsis
1132 486 1211 550 enim
1225 484 1326 549 uuis

182 594 249 655 cius
268 597 358 655 ulur:
392 589 454 653 ‘lic
476 590 555 653 ciuis
576 595 632 668 est,
655 591 769 672 iuquit,
791 590 869 670 foci·
901 592 973 655 inde
994 593 1079 655 cuim
1100 592 1179 656 ciuis
1199 591 1326 655 lixivia-5

177 703 272 779 potus
293 698 438 779 recedetur,
464 702 499 759 ul
521 696 589 760 licet
610 698 711 760 uidere
734 697 934 779 placitatores,
962 718 1032 762 cum
1058 699 1236 779 deluserunt,
1256 696 1327 761 lac

183 805 287 867 iucuri
307 803 449 884 polium?
479 842 520 848 -
549 803 609 867 His
639 804 753 868 addere
777 804 917 869 fortasse
940 804 1053 869 licebit
1075 804 1195 887 XXXI,
1215 805 1240 887 2,
1259 805 1328 867 11:

189 909 289 973 Varro
311 914 417 972 erector
443 916 487 974 cst
511 911 629 974 Titium
656 912 808 991 quondum
825 914 977 991 practura
998 910 1142 990 fundum
1163 906 1329 973 mumurei

182 1017 264 1098 siqui
285 1017 397 1095 faciem
419 1015 560 1079 iucurrisse
580 1022 705 1097 psopter
727 1017 762 1079 id
783 1017 892 1079 vitilem
916 1013 1140 1102 (vitiligines):
1168 1015 1332 1080 confiden-

182 1122 247 1185 tius
272 1127 379 1185 autem
404 1120 560 1187 Serviane
582 1122 616 1186 in
640 1121 757 1206 Georg.
771 1121 885 1204 1,151:
908 1143 984 1186 uum
1001 1124 1131 1205 proprie
1151 1123 1242 1205 rolripo
1259 1119 1335 1187 esi,

182 1234 218 1292 ut
246 1228 345 1293 Varro
372 1229 458 1309 dicit,
489 1229 598 1291 rituum
629 1228 771 1292 obscenae
802 1229 942 1293 liuidinis
972 1231 1055 1311 quod
1080 1230 1166 1294 uiuus
1192 1234 1338 1294 uuun-

184 1333 258 1399 Non
289 1335 393 1398 miuus
425 1338 531 1397 autern
562 1333 760 1398 confidenter
791 1358 811 1398 a
837 1335 997 1399 medicina
1025 1355 1227 1420 segregamus
1249 1338 1342 1397 nc>¹1

183 1441 278 1505 mono
298 1437 671 1522 preasumsisse
695 1439 749 1503 uu
773 1416 853 1504 v'uu
877 1439 1057 1522 scripturae
1072 1439 1223 1507 varronis
1239 1438 1344 1505 uia

183 1569 300 1612 nomen
320 1547 497 1631 legebatur,
521 1545 576 1610 sed
596 1547 694 1609 etiam
712 1545 817 1628 Apicii
837 1546 1000 1630 geminam
1020 1549 1217 1632 memorium,
1235 1544 1347 1610 ide1¹¹

182 1652 596 1736 nomen111,2etvl1,12
620 1675 692 1717 cum
713 1652 854 1717 edulium
875 1650 1077 1738 (precanum
1101 1658 1135 1719 et
1156 1628 1350 1720 mucram)

183 1761 454 1826 conficiendorum
477 1759 660 1842 praeceptis
685 1759 849 1841 sociantis,
873 1761 976 1824 etita
1000 1763 1156 1827 sociantis
1179 1768 1226 1842 ut,
1245 1731 1350 1846 quid

182 1866 349 1948 Varronis,
373 1866 449 1949 quid
474 1866 574 1949 ipsius
599 1866 644 1929 sit
662 1864 780 1949 Apicii,
804 1886 900 1950 aegre
923 1865 1109 1951 dignoscas:
1134 1868 1172 1933 de
1195 1890 1252 1953 quo
1271 1858 1349 1930 uf!

183 1993 306 2055 cunque
330 1976 467 2056 statues,
499 1973 618 2036 rectius
646 1971 791 2054 profecto
816 1971 971 2055 quamde
991 1973 1153 2038 medicina
1170 1971 1339 2059 cogitabi-⁹l

80 2159 83 2164 ¹
183 2076 221 2140 de
245 2100 284 2141 ea
307 2079 409 2142 satira
431 2101 512 2163 quae
536 2079 694 2161 inscripta
716 2082 786 2142 erat
809 2080 881 2156 περὶ
905 2079 1098 2158 ἐδεεμάτων.

706 2345 726 2423 e
750 2343 802 2407 ar.

270 2504 447 2589 Postquam
474 2503 636 2586 permensi
666 2524 776 2566 sumus
804 2499 1060 2586 fragmentorum
1086 2504 1325 2574 multitudinem

55 2638 59 2645 ·
182 2613 361 2695 promiscue
389 2610 604 2695 proditorum,
632 2630 697 2673 non
725 2608 884 2673 inutiliter
912 2610 1023 2692 quaeri
1051 2611 1092 2675 de
1114 2615 1266 2698 tempore
1287 2617 1327 2681 vi·

182 2719 276 2783 detur
303 2741 366 2802 quo
394 2718 474 2781 haec
498 2714 752 2797 Disciplinarum
782 2714 945 2780 volumina
967 2713 1075 2781 Varro
1100 2723 1326 2805 composuerit

182 2825 226 2889 Et
244 2823 457 2889 Schneiderus
482 2822 610 2907 quidem
635 2820 721 2905 quod
745 2843 860 2886 comm.
883 2821 922 2885 de
936 2821 1097 2887 Varronis
1122 2827 1195 2892 vita
1218 2832 1254 2893 ct
1274 2851 1331 2895 scr.

182 2954 211 3014 p.
236 2932 301 2994 234
323 2932 410 2994 inter
433 2953 460 2993 a.
485 2929 549 2993 699
574 2932 606 2991 et
631 2928 694 2991 70ss
723 2927 859 3010 scriptos
889 2928 984 3012 dixit,
1013 2930 1084 2995 sola
1112 2935 1261 3000 confisus
1284 2943 1333 3001 eet

182 3034 284 3100 Caelii
309 3036 381 3099 Rufi
405 3036 571 3119 memoria,
593 3056 675 3119 quae
699 3056 796 3118 quam
821 3035 865 3098 sit
887 3034 1004 3099 dubiae
1028 3036 1119 3119 fidei,
1145 3041 1167 3119 ξ
1191 3040 1214 3104 5
1238 3041 1333 3106 disse·

181 3143 312 3205 ruimus.
346 3141 490 3206 Primum
511 3145 619 3205 autem
638 3143 765 3204 tantum
784 3144 907 3204 certum
923 3143 980 3224 est,
999 3163 1063 3206 non
1084 3164 1160 3208 esse
1180 3167 1201 3210 a
1220 3147 1333 3213 iuvene

181 3250 342 3314 conditos:
366 3272 442 3313 nam
466 3252 499 3311 et
521 3247 730 3331 Asclepiades
755 3247 810 3310 ille
833 3244 1006 3331 Bithynus,
1030 3248 1072 3314 de
1095 3272 1164 3334 quo
1189 3255 1211 3333 ξ
1236 3255 1290 3334 21,
1317 3258 1332 3321 l

181 3357 317 3438 dictum,
344 3356 492 3438 Pompeii
520 3358 626 3419 aetate
655 3355 761 3418 clarus
789 3351 852 3417 fuit
874 3357 959 3417 teste
981 3352 1104 3436 Plinio,
1131 3362 1167 3422 et
1189 3360 1335 3427 eiusdem

180 3463 325 3547 Pompeii
350 3485 401 3527 res
427 3461 646 3526 Mithridatico
669 3461 756 3524 bello
780 3458 810 3523 h.
834 3481 860 3522 e.
884 3460 976 3523 annis
1000 3461 1067 3526 689
1082 3485 1156 3548 sqq.
1181 3471 1338 3551 gestaru

181 3569 328 3635 Varrone
352 3573 622 3635 commemoratas
646 3591 717 3633 esse
739 3568 879 3632 vidimus
903 3568 989 3649 §l9,
1013 3569 1043 3633 2.
1090 3566 1158 3636 Sed
1181 3577 1338 3658 gravissi.

181 3700 269 3740 mum
302 3676 382 3740 illud
415 3680 478 3761 est,
511 3676 595 3760 quod
619 3674 800 3740 Varronem
833 3674 872 3737 de
904 3672 1054 3757 aspidum
1084 3674 1157 3741 ictu
1187 3681 1336 3747 sanando

181 3783 304 3847 Plinius
328 3783 450 3866 XXIX,
473 3783 507 3864 4,
531 3783 574 3846 65
602 3782 805 3864 praecepisse
832 3780 910 3879 dicit
933 3780 1019 3844 vitae
1043 3802 1132 3846 anno
1158 3789 1283 3855 octavo
1305 3792 1337 3853 ct

181 3891 404 3974 octogesimo.v
423 3889 516 3965 Quod
536 3889 562 3952 si
584 3892 671 3952 recte
689 3888 831 3953 creditur
849 3887 965 3951 fecisse
983 3887 1018 3952 iu
1034 3887 1122 3953 libro
1144 3891 1337 3978 medicinae,

141 3997 266 4061 uhunc
299 3996 506 4080 consequitur
538 3995 610 4078 ipso
639 4017 722 4059 anno
747 3994 788 4057 ab
815 4017 841 4057 u.
866 4015 891 4056 o.
916 3993 980 4056 726
1004 4014 1077 4058 esse
1101 4001 1337 4082 compositum

180 4103 273 4168 Vnde
296 4103 498 4187 intellegitur
525 4125 562 4166 ex
588 4101 800 4185 amplioribus
825 4099 953 4184 quidem
977 4106 1232 4171 commentariis
1256 4106 1337 4173 Var-

182 4209 269 4273 ronis
294 4209 443 4274 omnibus
471 4209 530 4273 hos
559 4207 598 4271 de
627 4207 806 4290 disciplinis
830 4206 962 4270 ultimos
986 4205 1088 4271 fuisse
1113 4210 1240 4294 quibus
1264 4237 1337 4299 ope·
