2924 5046
176 326 238 390 186
531 341 743 391 asinanum
766 341 954 390 susumus.

171 489 284 570 carpta
313 488 401 569 sunt,
432 508 544 551 eorum
574 485 608 550 in
637 485 806 550 dimidiata
832 485 953 570 pagiua
978 485 1050 569 165,
1073 487 1116 550 27
1140 485 1223 552 haee
1246 484 1325 552 reli-

171 590 265 677 quiae
289 595 470 677 supersunt,
493 614 573 676 quas
596 615 669 658 eum
693 592 928 677 supplementis
941 591 1127 659 Vrsiniauis
1146 593 1325 680 adscripsi:

553 794 557 799 .
925 735 1084 802 Nauteam
1105 737 1154 802 ait
1177 734 1253 819 Opi·

236 841 299 907 lius
411 841 565 906 Aurelius
668 841 783 907 herbae
808 862 905 926 porus
927 863 990 908 esse
1007 843 1120 926 pranis
1141 843 1255 929 aspa,

236 971 301 1033 qua
363 947 480 1013 seriari
539 951 683 1032 utuntur,
728 950 816 1014 cariora
855 950 958 1014 arderi
992 971 1014 1014 a
1053 970 1135 1016 osane
1174 951 1249 1016 doce·

237 1054 786 1140 tamnomenquiananseamfaoit,
843 1057 1073 1139 permutatione
1132 1056 1164 1121 T
1224 1062 1256 1122 et

237 1161 259 1228 S
332 1162 513 1227 litterarum
590 1162 854 1228 intermorituram
906 1165 1045 1247 antr'qais
1097 1168 1251 1230 assera

236 1268 372 1333 Plautus
417 1269 453 1333 in
502 1272 681 1335 artemone:
725 1257 914 1353 unquentum
932 1272 1014 1351 qaod
1028 1270 1158 1336 auratas
1181 1291 1252 1336 ma·

235 1374 360 1440 lionum
387 1380 540 1441 nauteam
573 1375 704 1441 fecisset
726 1426 1252 1443 ..........

169 1516 317 1602 Apparet
338 1516 562 1583 Plautinorum
590 1517 776 1600 verborum,
807 1538 889 1601 quae
918 1517 960 1583 ad
988 1519 1172 1604 exemplum
1197 1517 1340 1587 (laren.

169 1622 267 1689 lionis
281 1647 309 1689 v.
319 1624 361 1689 99
382 1624 530 1709 suppleta
549 1626 626 1688 sunt
643 1624 684 1688 ab
698 1622 830 1708 Vrsino‚
852 1623 936 1688 nihil
955 1628 1077 1690 eertum
1097 1647 1168 1692 esse
1187 1631 1321 1712 praeter

134 1787 150 1836 s
419 1766 663 1850 [mn]lionum
685 1770 866 1832 nauteam
889 1766 1061 1836 fecisset

168 1895 220 1975 Ex
235 1910 336 1995 Opilii
350 1910 475 1975 Aurelii
499 1910 663 1975 mentione
686 1911 824 1975 fortasse
847 1910 950 1976 conici
973 1932 1079 1995 posse,
1102 1911 1137 1976 in
1160 1911 1231 1977 eius
1255 1911 1317 1980 ‘in-

169 2016 311 2083 dicibus'
339 2017 443 2101 ipsam
466 2016 677 2082 Artemonem
706 2020 743 2081 ut
765 2015 952 2081 Plautinum
979 2019 1183 2081 numeratam
1205 2017 1316 2101 fnisse,

170 2123 351 2210 significavi
374 2125 541 2211 Parergon
563 2147 594 2209 p.
616 2124 681 2189 243
706 2122 778 2188 adn.

717 2316 765 2371 Ill.

258 2445 347 2511 Festi
372 2447 513 2532 epitome
533 2469 563 2531 p.
578 2444 653 2530 275,
666 2446 702 2509 4:
726 2442 865 2510 ‘rauim
889 2443 1041 2528 <licebant
1062 2464 1123 2527 pro
1149 2444 1315 2529 raucitate,

169 2552 252 2617 unde
276 2557 309 2619 et
331 2555 467 2619 uerbum
490 2553 615 2636 rauio,
638 2549 793 2617 rauias?
838 2550 946 2635 Ipsius
969 2549 1059 2616 Festi
1083 2554 1214 2616 servata
1235 2550 1314 2618 haee

170 2664 247 2725 sunt
269 2683 299 2745 p.
323 2661 398 2745 274,
422 2661 477 2726 29:

646 2844 648 2848 .
1030 2781 1150 2847 Rauim
1173 2783 1257 2847 anti·

258 2893 314 2974 qni
349 2892 488 2957 donabant
517 2913 578 2975 pro
619 2891 777 2955 raucitate.
799 2889 949 2954 Plautus:
971 2888 1029 2953 ubi
1053 2888 1160 2973 siquid
1182 2912 1258 2974 pos·

259 3005 774 3078 earnnsq;adraae'mposeamprius.
796 2996 893 3061 item:
939 2993 1145 3079 experiuraui
1185 2994 1258 3060 her-

136 3137 152 3186 '1
259 3105 303 3170 ele
347 3106 454 3171 omorio
492 3106 536 3171 ad
572 3125 702 3170 rounam
738 3104 854 3169 raaim.
900 3103 990 3168 etin
1013 3102 1187 3167 artemonis
1221 3106 1260 3167 et

76 3212 86 3222 ’
260 3261 588 3276 .......
626 3210 777 3278 &uilius
800 3211 833 3275 in
856 3208 1134 3295 Hypobolimaeo:
1166 3208 1260 3293 prius

259 3319 304 3382 ad
322 3318 429 3384 rasim
474 3368 748 3383 ......
800 3322 893 3384 ntam
915 3315 1030 3382 feceris

171 3461 323 3526 artensem·
354 3460 511 3545 seriptum
544 3482 614 3525 ease
647 3461 681 3525 in
708 3458 830 3543 codiee,
861 3462 899 3523 ut
926 3480 1026 3541 supra
1048 3457 1087 3523 fr.
1110 3456 1133 3523 5
1154 3460 1318 3538 mamone,

172 3570 313 3633 testatus
343 3571 393 3632 est
422 3567 548 3632 Keilius
578 3567 660 3631 Mus.
683 3565 785 3630 Rheu.
814 3588 845 3631 n.
868 3564 916 3629 VI
939 3562 982 3651 (a
1008 3564 1109 3649 1848)
1139 3587 1169 3649 p.
1194 3564 1263 3630 624
1284 3568 1318 3631 at

173 3676 246 3739 625.
281 3711 318 3721 —-
353 3674 402 3739 De
426 3674 529 3739 altero
553 3674 701 3758 exemplo
724 3672 892 3756 Plautino,
920 3670 1006 3757 quod
1029 3675 1079 3736 est
1102 3669 1319 3755 Cistellaria&

172 3780 238 3846 dixi
262 3803 365 3868 nuper
386 3781 470 3846 Nov.
493 3801 614 3845 exours.
637 3803 667 3864 p.
691 3778 744 3844 53.
1156 3786 1157 3790 ’

576 4081 632 4147 Vl.
676 4079 913 4147 ASTRABA.

262 4227 390 4294 Nomen
420 4226 504 4293 unde
531 4225 670 4291 inditum
699 4224 743 4289 sit
769 4224 915 4306 fabulae,
947 4224 1041 4288 doeet
1068 4221 1193 4288 Probus
1220 4221 1318 4313 initio

61 4381 65 4388 -
173 4334 398 4400 commentarii
431 4333 463 4398 in
488 4331 626 4416 Vergilii
654 4331 808 4398 Bueolioa
840 4353 870 4415 p.
893 4331 924 4412 2,
948 4331 990 4394 23
1023 4329 1072 4393 ed.
1094 4327 1191 4394 Koila
1224 4327 1319 4397 ‘sumt

175 4445 283 4507 autem
307 4441 488 4506 astrabae
512 4438 660 4505 uehicula
682 4438 769 4503 diets
791 4437 878 4518 παρὰ
900 4437 938 4502 τὸ
961 4438 1002 4518 μὴ
1027 4437 1229 4518 matascone:
1252 4456 1318 4525 qun
