2888 5040
1279 146 1283 277 i

143 334 209 400 510
475 350 590 397 oanan
615 332 760 396 vaauo's
783 347 965 396 rnacruvn

144 493 292 556 acumine
320 493 502 576 opponitur.
542 492 580 557 In
609 492 765 575 proximis
794 494 903 554 autem
934 489 999 554 etsi
1027 489 1079 553 vel
1106 490 1148 555 sic
1167 491 1236 573 otoo
1280 458 1283 525 l

142 601 231 665 modo
254 601 353 664 verba
381 604 517 683 apparet
540 598 581 664 ad
608 599 789 663 inleutrium
817 597 995 680 pertinere,
1023 617 1089 661 non
1109 596 1146 662 ad
1165 597 1238 680 broi
1281 610 1283 643 ³

143 706 234 771 nrbes
257 727 319 789 quo
344 705 422 769 olim
446 706 544 769 solita
568 710 642 769 sunt
666 704 794 787 referri,
821 708 933 768 tamen
957 703 1101 768 insolens
1121 704 1237 790 ceteroqui

144 812 320 896 durumque
349 832 451 896 genus
480 811 604 877 dicendi
629 811 670 875 ad
694 810 873 894 simplicem
901 810 1095 895 planamque
1116 816 1238 876 concub·

144 918 252 982 dinem
283 916 370 982 haud
406 917 593 982 dubitanter
626 917 672 982 sic
705 938 907 982 revocamus:
944 917 1069 982 insertis
1097 918 1238 983 colunum
1281 944 1283 951 ·

143 1045 270 1090 smirne
309 1025 491 1105 fecunditati
530 1026 789 1108 septingentorum
833 1024 1018 1089 inlrutrium
1056 1023 1152 1106 atauo
1181 1024 1239 1088 nob

144 1131 333 1197 bominum
355 1131 550 1213 imapinebus.
582 1128 766 1214 Postremo,
788 1131 822 1194 id
846 1130 932 1214 quod
955 1130 1053 1215 longe
1075 1131 1238 1216 padusa

144 1239 227 1302 cludi
263 1213 456 1302 vocabulum
492 1258 564 1301 cum
601 1257 662 1300 nec
698 1239 784 1301 recte
821 1235 949 1300 defendi
986 1258 1081 1321 posse
1110 1257 1160 1302 uec
1182 1240 1239 1301 ree

145 1344 349 1410 emendatum
374 1366 393 1407 a
421 1364 582 1428 quoquam
607 1364 676 1406 esse
704 1342 828 1426 pridem
856 1342 1128 1408 intellexissemus
1146 1344 1239 1426 ipaqu
1281 1360 1283 1365 ·

145 1453 176 1515 vi
205 1449 462 1515 ratiocinationis
490 1447 659 1513 Plinianae
687 1447 728 1511 ad
757 1449 937 1514 sententiae
970 1449 1099 1534 quidem
1128 1448 1238 1514 taliam

145 1557 330 1621 cessitatem
358 1556 445 1621 ducti
474 1577 632 1619 essemus:
661 1559 697 1618 ut
718 1559 894 1636 pnoesmtes
920 1575 985 1620 csse
1009 1555 1117 1638 obigere
1138 1560 1169 1620 ot
1186 1552 1239 1619 diei

141 1666 276 1746 possent,
309 1662 408 1726 verba
438 1663 511 1746 ipsa
539 1661 706 1745 scriptoris
736 1661 845 1745 paullo
878 1664 956 1744 post
983 1661 1119 1727 vidimus
1144 1656 1237 1747 punio·

146 1768 372 1834 emendatione
406 1791 425 1832 a
456 1766 598 1833 Martino
626 1765 759 1832 Hertnio
791 1770 997 1851 recuperata:
1029 1768 1134 1851 νόἰφω
1154 1787 1199 1832 cce
1215 1762 1239 1828 n·

140 1875 335 1958 poscentia
359 1873 518 1939 Gerhardi
540 1873 660 1938 Diariis
685 1872 939 1957 archaeologicis
963 1875 1027 1939 vol.
1049 1872 1128 1940 VIII
1151 1896 1175 1958 p.
1192 1867 1238 1936 tlt

147 1979 245 2047 Cuius
265 1980 500 2045 emendationis
520 1984 586 2045 tam
607 1980 781 2046 manifesta
799 1981 920 2045 verius
940 1985 992 2046 est
1009 1986 1055 2066 ut,
1078 1982 1129 2065 qui
1143 1976 1238 2064 sperni,

147 2089 187 2152 ad
207 2089 352 2152 criticam
371 2085 586 2151 factitandam
604 2087 726 2152 factum
746 2109 815 2152 esse
835 2109 1001 2174 negemus.
1029 2086 1143 2166 Quodsi
1157 2078 1239 2169 spreu'l

147 2193 307 2279 Silligius,
338 2216 403 2258 non
431 2193 553 2258 valebit
584 2192 646 2257 hoc
674 2197 800 2257 contra:
834 2194 889 2277 qui
922 2195 1067 2280 quidem,
1097 2198 1131 2259 nt
1151 2195 1240 2256 nanu

147 2301 293 2383 exemplo
321 2322 386 2364 uno
410 2321 427 2363 e
451 2299 575 2378 multis,
610 2300 708 2364 etiam
731 2300 787 2364 lib.
806 2298 930 2384 XXVI,
963 2303 984 2380 ἓ
1010 2301 1051 2366 14
1072 2294 1238 2382 tam-patiens

147 2406 245 2471 fuerit
268 2407 546 2490 ineptissimarum
569 2408 655 2489 apid
669 2407 791 2488 priscos
815 2407 1000 2492 verborum,
1027 2410 1064 2472 ut
1088 2402 1238 2491 proposito

146 2513 180 2577 in
203 2513 435 2578 commentario
458 2510 497 2577 de
510 2511 668 2577 Varronis
683 2511 938 2595 Disciplinarum
958 2512 1053 2578 libris
1075 2534 1103 2597 p.
1114 2512 1150 2577 52
1164 2513 1238 2590 [rupte

146 2619 538 2702 posnaniensem,
575 2640 639 2703 qua
675 2619 766 2684 illinc
798 2617 1039 2700 ἀποψυχριετή(
1069 2619 1118 2684 vel
1143 2616 1238 2682 fonce

146 2724 333 2805 ἀποψύκτη(
370 2744 550 2810 cognomen
587 2717 799 2809 Asclepiadis
825 2724 941 2789 medici
981 2724 1173 2804 eruebamus,
1197 2732 1239 2780 ποῦ

146 2833 242 2897 modo
266 2835 494 2915 contemneret,
518 2832 572 2896 sed
592 2854 633 2895 ne
652 2835 920 2897 commemoraret
943 2832 1081 2916 quidem.
1122 2827 1171 2896 sed
1186 2823 1239 2888 tlte

146 2939 181 3003 in
204 2943 392 3004 transcursu
414 2942 552 3003 tantum.

235 3045 347 3129 Ipsum
379 3044 628 3110 Hebdomadum
664 3066 783 3109 nomen
819 3066 914 3108 nemo
952 3068 1093 3131 unquam
1126 3027 1240 3108 dubitarit

148 3150 226 3235 quin
250 3151 285 3215 hi
309 3151 383 3216 libri
406 3152 481 3216 iude
503 3152 677 3234 traxerInt,
705 3150 791 3235 quod
814 3151 1001 3216 inlustrium
1024 3151 1173 3216 hominum
1188 3142 1240 3205 inn-

148 3258 239 3341 gines
262 3279 327 3321 non
350 3258 533 3340 promiscue
557 3262 789 3341 proponerent,
819 3257 875 3320 sed
902 3279 962 3341 per
985 3259 1093 3342 capitu
1113 3244 1240 3338 napaeis

147 3385 229 3446 quae
253 3366 404 3447 septenas
427 3365 587 3451 imagines
607 3365 906 3448 complecterentur.
939 3365 1042 3450 Atqui
1066 3351 1241 3449 septilrgtlllte

147 3470 305 3555 imagines
324 3471 376 3535 vel
395 3475 525 3537 centnm
543 3469 762 3536 hebdomades
781 3468 964 3554 quindecim
984 3471 1076 3536 libris
1090 3490 1153 3535 cun
1167 3457 1242 3538 ,equ

148 3577 379 3662 aequabilitate
402 3577 566 3661 dispertiri
589 3580 760 3662 nequeunt.
801 3575 891 3660 Ergo
919 3578 1061 3660 primum
1087 3555 1242 3672 passast

147 3683 231 3748 uber
261 3684 465 3762 εῑεαγωγικὸ(
493 3684 608 3748 cauas
636 3683 730 3748 ueris
763 3682 1023 3767 quattuordecim
1054 3683 1123 3766 pari
1145 3662 1242 3743 contr

147 3791 360 3873 praemissus,
384 3812 447 3874 quo
472 3793 672 3872 compertum
695 3788 851 3854 habemus
876 3792 909 3852 et
933 3787 1054 3855 Rerum
1076 3780 1243 3853 hunnorum

148 3901 181 3961 et
203 3895 324 3961 Rerum
348 3896 530 3961 divinarum
554 3899 587 3959 et
609 3896 648 3959 de
673 3896 788 3980 lingua
810 3895 915 3960 latina
939 3894 1148 3961 voluminibus
1166 3884 1243 3959 flisstfl'

148 4004 197 4068 los
229 4003 330 4069 libros
363 4002 546 4068 Varronem
579 4002 802 4086 praemisisse,
839 4001 957 4086 quibus
992 3996 1196 4069 ‘communitor
1217 3973 1243 4038 Ie

148 4109 313 4176 omnibus'
338 4113 457 4195 ageret
499 4108 615 4193 Equo
649 4109 816 4193 prooemio
849 4109 914 4173 iam
949 4110 983 4173 in
1007 4108 1109 4175 Musei
1127 4078 1240 4189 philoll

147 4240 171 4281 s.
191 4240 215 4282 s.
239 4239 278 4282 ea
300 4215 536 4300 repetebamus,
559 4238 640 4298 quae
663 4215 702 4279 de
725 4214 918 4299 ‘septenarii
938 4217 1064 4281 numeri
1082 4215 1112 4280 vi
1130 4212 1157 4275 et
1173 4184 1242 4265 facul·

147 4328 215 4389 tate
238 4323 272 4386 in
291 4323 402 4387 multis
421 4326 556 4388 naturae
578 4323 674 4386 rebus
694 4321 936 4387 animadversa'
960 4324 1079 4408 partim
1100 4298 1241 4384 ‘edintdum

148 4427 355 4512 conquisite',
378 4430 495 4513 partim
521 4427 773 4515 ‘frigidiuscule'
797 4429 966 4513 disputata
990 4453 1029 4497 ex
1046 4427 1155 4514 prino
1169 4406 1239 4479 llb¹⁰
