2924 5046
405 352 645 412 Qvnnsrronas
670 354 1000 402 onounronoorcnn.
1206 335 1269 399 337

120 497 206 580 poni
230 494 552 580 Callidamates*)
576 496 710 579 poterit,
740 497 824 582 quod
853 497 907 560 vin
935 495 1047 559 dubito
1075 495 1153 577 quin
1177 493 1271 558 Plau·

112 606 176 666 tus
204 625 269 667 non
293 625 352 686 pro
373 601 619 682 Kellrbnudunc,
643 603 698 666 aed
720 626 778 686 pro
800 602 1038 680 Καλλιδὰμα(
1057 602 1208 686 posuerit.
1229 640 1270 644 —

99 707 309 773 Cavendum
344 712 465 786 autem,
497 732 538 772 ne
571 731 641 772 curn
676 711 800 795 graecis
837 732 908 772 vere
938 709 1040 772 latina
1068 708 1271 797 misceantur,

90 816 234 898 qrralia
261 837 397 879 numero
425 836 530 899 pauca
553 816 619 878 auis
643 815 837 899 quibusdam
861 815 981 878 fabulis
1005 815 1154 895 Plautus,
1181 811 1272 875 nulla

80 921 273 985 adhibuit
296 920 477 986 Terentius,
524 918 622 985 Certa
645 926 721 985 suut
742 921 960 1003 Peniculua,
984 919 1181 1000 Curculio,
1205 916 1269 980 Sa·

74 1029 227 1093 turio
250 1027 468 1111 parasitorum
492 1028 526 1091 in
549 1025 634 1091 Men.
658 1026 748 1092 Cure.
770 1027 879 1109 Persa,
903 1025 1084 1109 Congrin,
1112 1024 1270 1087 Grunrio

70 1154 301 1218 eoquorum
323 1134 357 1197 in
376 1132 451 1196 Aul.
469 1131 576 1212 Most,
598 1132 739 1197 Lircrio
764 1133 848 1197 serni
873 1134 905 1196 in
925 1132 1003 1216 ll'lil.7
1026 1131 1160 1195 Litoris
1184 1133 1270 1214 (gen.

64 1236 152 1302 Lu
164 1237 317 1324 otidis)
340 1238 467 1322 puellae
489 1239 524 1302 in
542 1237 642 1302 Persa
655 1240 687 1322 4,
700 1240 731 1321 4,
752 1239 801 1301 72.
818 1239 872 1302 75:
897 1240 1049 1323 ambigua
1072 1238 1166 1301 facilc
1185 1237 1270 1320 quis-

63 1343 214 1422 piam
242 1345 384 1430 Sanga,
417 1343 608 1408 Turbalio
636 1348 673 1408 et
700 1343 840 1409 Storax
870 1346 1019 1431 ((τύραξ)
1052 1345 1182 1409 dixerit:
1215 1344 1269 1407 ob-

60 1453 312 1516 scurissima
345 1451 488 1516 omnium
521 1450 662 1516 Casina
696 1457 728 1514 et
758 1451 925 1533 Stalino‚
958 1452 996 1515 de
1028 1452 1144 1535 quibus
1177 1450 1269 1513 valde

60 1551 261 1623 fluctuat
287 1555 442 1621 iudicium
469 1579 528 1622 nec
551 1558 615 1621 nisi
639 1559 781 1621 incertae
805 1558 1008 1621 coniecturae
1031 1563 1161 1640 praesto
1186 1561 1322 1620 suntvn

63 1692 138 1704 ’ὴ
186 1662 343 1730 (letarum
372 1664 426 1727 vix
455 1667 505 1726 est
532 1664 616 1746 quod
643 1685 791 1728 moneam
814 1664 938 1727 nullam
961 1665 1057 1728 fidem
1081 1686 1150 1727 csse
1173 1664 1270 1726 Pacu-

61 1764 307 1854 vianam,
334 1771 363 1834 si
391 1768 440 1833 dis
468 1768 589 1853 placet,
618 1771 783 1834 nominum
809 1770 956 1835 Pseudo
981 1775 1013 1835 et
1037 1770 1270 1858 Scepar·uuS‚

62 1886 207 1949 quae
228 1877 417 1962 Fulgentius
439 1874 561 1960 Expos.
589 1898 681 1940 serm.
710 1900 739 1960 p,
764 1878 825 1940 561
858 1882 1061 1941 commentus
1090 1881 1153 1940 est:
1186 1876 1266 1938 rnul-

63 1972 256 2068 bumque
279 1983 494 2047 dubitationis
518 1983 557 2046 de
575 1982 769 2047 Phaedria
793 1983 943 2047 muliebri
966 1983 1096 2047 nomine
1116 1981 1189 2045 Aul.
1203 1983 1267 2062 4,7

71 2085 255 2173 residet,
278 2112 338 2173 pro
362 2111 425 2173 quo
448 2109 533 2153 nune
554 2087 729 2152 Phaedra
752 2089 972 2153 substitutum.
1015 2089 1090 2152 Alia
1113 2084 1267 2172 quaedam

72 2176 276 2259 Plautina
303 2198 416 2278 aperte
444 2197 597 2278 corrupta
625 2193 711 2259 haud
740 2196 806 2259 scio
835 2218 875 2259 au
899 2217 973 2259 vere
996 2196 1202 2259 restituerint.
1225 2233 1268 2240 —

74 2281 292 2366 Postremo
315 2302 567 2366 consentaneum
590 2300 653 2364 fuit
676 2323 735 2365 nec
758 2301 1013 2383 hypocoristicos
1036 2301 1158 2365 formas
1179 2325 1268 2386 prae·

76 2391 278 2487 te1'111itti,
310 2406 458 2490 quamvis
491 2404 706 2471 Philotium
738 2405 883 2488 Hecyrae
916 2429 982 2470 non
1014 2407 1141 2472 diversa
1175 2409 1219 2471 sit
1251 2432 1269 2473 a

79 2489 324 2576 Philotide
347 2513 397 2576 vel
422 2512 671 2595 Olympisous
696 2511 833 2576 Casinae
858 2513 898 2575 ab
922 2511 1153 2596 Olympione
1178 2515 1225 2576 vel
1251 2538 1269 2577 a

80 2592 339 2700 stephanio
368 2617 727 2701 Stephaniscidium
751 2616 867 2681 Stichi:
900 2640 958 2681 nec
986 2621 1194 2699 cognomines
1219 2621 1270 2684 ‹le-

80 2721 233 2791 orum,
262 2725 421 2809 gentium,
451 2724 609 2787 montium
636 2723 805 2788 naviumve
834 2723 982 2785 hominen
1007 2723 1081 2785 hine
1105 2726 1268 2807 segregari

82 2813 136 2871 “t
180 2829 338 2909 Εὐνομία,
372 2831 535 2908 nerana,
569 2829 684 2906 Λυδός,
718 2830 829 2906 Macte,
862 2831 1024 2906 Δέλφιον,
1057 2831 1268 2909 Παλίνουροι,

80 2909 316 3023 nullatenu.

217 3044 323 3127 Atque
351 3043 402 3106 his
426 3044 637 3126 praemonitis
662 3043 727 3105 ianr
751 3043 857 3125 ipsum
881 3042 1018 3106 indicem
1041 3043 1159 3106 habete
1184 3044 1269 3107 iufra

77 3137 279 3213 Positum.

86 3245 427 3350 Αἲοραετοκλῆ(
473 3270 659 3335 adulescens
713 3272 929 3352 Ἀλκήειμο(
954 3297 1052 3338 senex
1076 3273 1147 3339 Cas,

74 3443 83 3463 ,
151 3360 267 3442 I³oen.
712 3378 1102 3459 'Anteumvibncrniloa
1130 3382 1223 3445 l'oeu.

72 3454 333 3569 ‚Akontion
357 3505 467 3547 seruis
491 3482 586 3548 More.
712 3484 869 3562 Ἀνθραξ
894 3509 987 3550 cocus
1014 3487 1083 3550 Aul.

83 3559 422 3669 Αλκηείμαρχο(
467 3589 653 3653 adulescens
713 3591 1061 3672 [†’Avt1oduupxoc:
1087 3616 1115 3654 v.
1140 3596 1259 3673 uulua!

149 3680 252 3760 (list.
712 3696 933 3776 Ἀντιδάμα(
958 3699 1067 3760 l’oen.:
1092 3720 1118 3759 v.
1144 3720 1250 3778 aulna.

161 3828 339 3848 x§nra——unn—u—-m

166 3896 210 3969 ⁸²)
230 3906 271 3958 Ad
291 3906 364 3959 hanc
382 3904 595 3958 similitudinem
615 3906 750 3973 putabam
770 3905 919 3972 aliquando
939 3907 1021 3958 Poen.
1042 3912 1067 3965 5,
1088 3912 1113 3967 2,
1133 3912 1166 3956 85
1186 3906 1268 3958 corri-

70 3965 250 4089 gendum
272 4011 346 4060 esee,
369 3992 417 4048 ubi
440 4010 495 4047 non
519 3996 614 4061 potent
636 3995 859 4062 nonpermirum
880 3995 1045 4063 essequod,
1071 3995 1117 4060 qui
1137 4002 1162 4059 o,
1184 4001 1206 4059 1,
1226 4001 1267 4046 22.

72 4086 113 4176 θ’
147 4071 193 4141 2,
219 4088 260 4138 82.
279 4088 322 4137 87.
343 4088 385 4135 91.
406 4086 439 4136 98
463 4084 624 4136 constanter
647 4085 690 4135 est
712 4082 923 4146 Antidamae,
948 4082 1040 4134 nubilo
1064 4083 1152 4135 factus
1177 4085 1218 4134 ent
1241 4085 1270 4133 et

92 4150 216 4223 “mel
234 4170 532 4224 Antidamarchus:

76 4297 109 4357 E
340 4258 472 4328 siquiden
490 4259 703 4311 Antidnmarclii
721 4259 829 4325 qrcaeris
848 4259 1053 4326 (tdoptulr'eirun.

113 4317 134 4369 t
175 4334 276 4400 habet
297 4346 336 4401 ibi
355 4346 553 4401 Ambrosianus
571 4334 804 4410 AN'l'lllAlllAll,
828 4348 902 4414 quod
927 4348 1131 4415 interpretabar·
1150 4349 1264 4399 stolidu-

77 4404 192 4476 m'ue
218 4436 244 4488 b.
264 4452 286 4488 c.
307 4437 511 4488 Antidamaluc.
548 4435 630 4488 Nunc
648 4434 741 4488 nescio
761 4452 796 4488 an
815 4438 937 4502 praentct
956 4436 1126 4488 Anle'dumui.

167 4528 225 4575 ¹⁹12.
240 4544 386 4576 clanculum
407 4543 540 4576 ormenae
559 4545 599 4576 ιιι.
1006 4529 1038 4575 22
