<?xml version="1.0" encoding="UTF-8"?>
<!DOCTYPE html PUBLIC "-//W3C//DTD XHTML 1.0 Transitional//EN"
    "http://www.w3.org/TR/xhtml1/DTD/xhtml1-transitional.dtd">
<html xmlns="http://www.w3.org/1999/xhtml" xml:lang="en" lang="en">
 <head>
  <title>
</title>
<meta http-equiv="Content-Type" content="text/html;charset=utf-8" />
  <meta name='ocr-system' content='tesseract 3.04.00' />
  <meta name='ocr-capabilities' content='ocr_page ocr_carea ocr_par ocr_line ocrx_word'/>
</head>
<body>
  <div class='ocr_page' id='page_1' title='image "./fridericiritsch01wachgoog_0360.png"; bbox 0 0 2924 5046; ppageno 0'>
   <div class='ocr_carea' id='block_1_1' title="bbox 170 313 1037 390">
    <p class='ocr_par' dir='ltr' id='par_1_1' title="bbox 170 313 1037 390">
     <span class='ocr_line' id='line_1_1' title="bbox 170 313 1037 390; baseline -0.001 -14"><span class='ocrx_word' id='word_1_1' title='bbox 170 313 235 377; x_wconf 82' lang='lat'>334</span> <span class='ocrx_word' id='word_1_2' title='bbox 390 323 395 331; x_wconf 86' lang='lat'>&#39;</span> <span class='ocrx_word' id='word_1_3' title='bbox 440 330 680 390; x_wconf 81' lang='lat' dir='ltr'>ovausrrouus</span> <span class='ocrx_word' id='word_1_4' title='bbox 705 329 1037 378; x_wconf 77' lang='lat' dir='ltr'>ononsronoercxa.</span> 
     </span>
    </p>
   </div>
   <div class='ocr_carea' id='block_1_2' title="bbox 130 470 1299 2479">
    <p class='ocr_par' dir='ltr' id='par_1_2' title="bbox 130 470 1299 2479">
     <span class='ocr_line' id='line_1_2' title="bbox 162 470 1299 557; baseline -0.002 -21"><span class='ocrx_word' id='word_1_5' title='bbox 162 493 350 556; x_wconf 85' lang='lat' dir='ltr'>graecorum</span> <span class='ocrx_word' id='word_1_6' title='bbox 378 475 546 539; x_wconf 90' lang='lat' dir='ltr'>nominum</span> <span class='ocrx_word' id='word_1_7' title='bbox 570 475 672 538; x_wconf 78' lang='lat' dir='ltr'>lexico</span> <span class='ocrx_word' id='word_1_8' title='bbox 693 474 838 557; x_wconf 87' lang='lat' dir='ltr'>Papiano</span> <span class='ocrx_word' id='word_1_9' title='bbox 862 472 1011 537; x_wconf 79' lang='lat' dir='ltr'>accedere</span> <span class='ocrx_word' id='word_1_10' title='bbox 1034 471 1168 555; x_wconf 86' lang='lat' dir='ltr'>poterit:</span> <span class='ocrx_word' id='word_1_11' title='bbox 1197 470 1253 535; x_wconf 88' lang='lat' dir='ltr'>sed</span> <span class='ocrx_word' id='word_1_12' title='bbox 1274 471 1299 535; x_wconf 85' lang='lat' dir='ltr'>ir</span> 
     </span>
     <span class='ocr_line' id='line_1_3' title="bbox 163 577 1299 664; baseline 0 -22"><span class='ocrx_word' id='word_1_13' title='bbox 163 580 209 643; x_wconf 88' lang='lat' dir='ltr'>eis</span> <span class='ocrx_word' id='word_1_14' title='bbox 233 603 318 645; x_wconf 91' lang='lat' dir='ltr'>nunc</span> <span class='ocrx_word' id='word_1_15' title='bbox 342 603 393 646; x_wconf 90' lang='lat' dir='ltr'>me</span> <span class='ocrx_word' id='word_1_16' title='bbox 417 581 577 663; x_wconf 77' lang='lat' dir='ltr'>contineo,</span> <span class='ocrx_word' id='word_1_17' title='bbox 600 602 682 663; x_wconf 90' lang='lat' dir='ltr'>quae</span> <span class='ocrx_word' id='word_1_18' title='bbox 701 580 851 664; x_wconf 90' lang='lat' dir='ltr'>propiore</span> <span class='ocrx_word' id='word_1_19' title='bbox 871 602 944 644; x_wconf 83' lang='lat' dir='ltr'>cunr</span> <span class='ocrx_word' id='word_1_20' title='bbox 963 578 1084 643; x_wconf 88' lang='lat' dir='ltr'>nostris</span> <span class='ocrx_word' id='word_1_21' title='bbox 1105 577 1223 642; x_wconf 87' lang='lat' dir='ltr'>studiis</span> <span class='ocrx_word' id='word_1_22' title='bbox 1242 578 1299 642; x_wconf 66' lang='lat' dir='ltr'>vin«</span> 
     </span>
     <span class='ocr_line' id='line_1_4' title="bbox 163 684 1299 768; baseline -0.003 -18"><span class='ocrx_word' id='word_1_23' title='bbox 163 688 235 751; x_wconf 89' lang='lat' dir='ltr'>culo</span> <span class='ocrx_word' id='word_1_24' title='bbox 260 687 431 751; x_wconf 83' lang='lat' dir='ltr'>coniuncta</span> <span class='ocrx_word' id='word_1_25' title='bbox 455 693 539 752; x_wconf 90' lang='lat' dir='ltr'>suut.</span> <span class='ocrx_word' id='word_1_26' title='bbox 572 687 690 751; x_wconf 87' lang='lat' dir='ltr'><strong>Mirum</strong></span> <span class='ocrx_word' id='word_1_27' title='bbox 715 690 765 750; x_wconf 92' lang='lat' dir='ltr'>est</span> <span class='ocrx_word' id='word_1_28' title='bbox 788 686 873 750; x_wconf 89' lang='lat' dir='ltr'>enirn</span> <span class='ocrx_word' id='word_1_29' title='bbox 893 686 1017 749; x_wconf 90' lang='lat' dir='ltr'>nullum</span> <span class='ocrx_word' id='word_1_30' title='bbox 1038 684 1140 768; x_wconf 90' lang='lat' dir='ltr'>Papio</span> <span class='ocrx_word' id='word_1_31' title='bbox 1160 685 1299 748; x_wconf 86' lang='lat' dir='ltr'>scaeui·</span> 
     </span>
     <span class='ocr_line' id='line_1_5' title="bbox 163 790 1299 878; baseline -0.003 -21"><span class='ocrx_word' id='word_1_32' title='bbox 163 815 228 857; x_wconf 86' lang='lat' dir='ltr'>eae</span> <span class='ocrx_word' id='word_1_33' title='bbox 252 795 381 878; x_wconf 90' lang='lat' dir='ltr'>poesis</span> <span class='ocrx_word' id='word_1_34' title='bbox 405 795 557 859; x_wconf 87' lang='lat' dir='ltr'>latinae</span> <span class='ocrx_word' id='word_1_35' title='bbox 580 816 673 857; x_wconf 88' lang='lat' dir='ltr'>usum</span> <span class='ocrx_word' id='word_1_36' title='bbox 693 791 803 876; x_wconf 86' lang='lat' dir='ltr'>fuisse,</span> <span class='ocrx_word' id='word_1_37' title='bbox 826 792 1032 857; x_wconf 73' lang='lat' dir='ltr'>Plautinae</span> <span class='ocrx_word' id='word_1_38' title='bbox 1052 790 1261 874; x_wconf 90' lang='lat' dir='ltr'>potissimum</span> <span class='ocrx_word' id='word_1_39' title='bbox 1278 812 1299 854; x_wconf 87' lang='lat' dir='ltr'>e</span> 
     </span>
     <span class='ocr_line' id='line_1_6' title="bbox 163 897 1299 985; baseline -0.003 -22"><span class='ocrx_word' id='word_1_40' title='bbox 163 899 435 985; x_wconf 72' lang='lat' dir='ltr'>Terentianae,</span> <span class='ocrx_word' id='word_1_41' title='bbox 454 923 550 984; x_wconf 90' lang='lat' dir='ltr'>quam</span> <span class='ocrx_word' id='word_1_42' title='bbox 570 923 586 963; x_wconf 92' lang='lat' dir='ltr'>e</span> <span class='ocrx_word' id='word_1_43' title='bbox 606 900 729 984; x_wconf 79' lang='lat' dir='ltr'>graecis</span> <span class='ocrx_word' id='word_1_44' title='bbox 749 920 819 962; x_wconf 90' lang='lat' dir='ltr'>esse</span> <span class='ocrx_word' id='word_1_45' title='bbox 839 897 994 981; x_wconf 88' lang='lat' dir='ltr'>exemplis</span> <span class='ocrx_word' id='word_1_46' title='bbox 1014 918 1201 980; x_wconf 77' lang='lat' dir='ltr'>expressam</span> <span class='ocrx_word' id='word_1_47' title='bbox 1215 919 1299 962; x_wconf 68' lang='lat' dir='ltr'>nem&lt;</span> 
     </span>
     <span class='ocr_line' id='line_1_7' title="bbox 163 1003 1299 1090; baseline -0.006 -20"><span class='ocrx_word' id='word_1_48' title='bbox 163 1007 277 1070; x_wconf 87' lang='lat' dir='ltr'>nescit.</span> <span class='ocrx_word' id='word_1_49' title='bbox 323 1006 538 1070; x_wconf 83' lang='lat' dir='ltr'>Personarum</span> <span class='ocrx_word' id='word_1_50' title='bbox 562 1006 648 1070; x_wconf 91' lang='lat' dir='ltr'>enim</span> <span class='ocrx_word' id='word_1_51' title='bbox 672 1005 805 1070; x_wconf 90' lang='lat' dir='ltr'>nomina</span> <span class='ocrx_word' id='word_1_52' title='bbox 828 1005 889 1068; x_wconf 87' lang='lat' dir='ltr'>etsi</span> <span class='ocrx_word' id='word_1_53' title='bbox 913 1004 1049 1068; x_wconf 88' lang='lat' dir='ltr'>Plautus</span> <span class='ocrx_word' id='word_1_54' title='bbox 1072 1003 1299 1090; x_wconf 82' lang='lat' dir='ltr'>Terentiusqu</span> 
     </span>
     <span class='ocr_line' id='line_1_8' title="bbox 162 1110 1299 1195; baseline -0.002 -17"><span class='ocrx_word' id='word_1_55' title='bbox 162 1136 229 1178; x_wconf 94' lang='lat' dir='ltr'>uon</span> <span class='ocrx_word' id='word_1_56' title='bbox 253 1117 441 1179; x_wconf 88' lang='lat' dir='ltr'>constanter</span> <span class='ocrx_word' id='word_1_57' title='bbox 464 1114 575 1179; x_wconf 88' lang='lat' dir='ltr'>eadem</span> <span class='ocrx_word' id='word_1_58' title='bbox 599 1116 783 1195; x_wconf 89' lang='lat' dir='ltr'>servarunt,</span> <span class='ocrx_word' id='word_1_59' title='bbox 806 1134 887 1195; x_wconf 87' lang='lat' dir='ltr'>quae</span> <span class='ocrx_word' id='word_1_60' title='bbox 910 1113 945 1175; x_wconf 92' lang='lat' dir='ltr'>in</span> <span class='ocrx_word' id='word_1_61' title='bbox 967 1110 1136 1175; x_wconf 84' lang='lat' dir='ltr'>translatis</span> <span class='ocrx_word' id='word_1_62' title='bbox 1162 1133 1182 1175; x_wconf 91' lang='lat' dir='ltr'>a</span> <span class='ocrx_word' id='word_1_63' title='bbox 1206 1133 1242 1176; x_wconf 89' lang='lat' dir='ltr'>se</span> <span class='ocrx_word' id='word_1_64' title='bbox 1265 1110 1299 1176; x_wconf 84' lang='lat' dir='ltr'>fa</span> 
     </span>
     <span class='ocr_line' id='line_1_9' title="bbox 164 1216 1299 1305; baseline 0.002 -24"><span class='ocrx_word' id='word_1_65' title='bbox 164 1219 248 1284; x_wconf 87' lang='lat' dir='ltr'>bulis</span> <span class='ocrx_word' id='word_1_66' title='bbox 272 1225 494 1304; x_wconf 85' lang='lat' dir='ltr'>reppererant:</span> <span class='ocrx_word' id='word_1_67' title='bbox 518 1219 623 1305; x_wconf 90' lang='lat' dir='ltr'>quode</span> <span class='ocrx_word' id='word_1_68' title='bbox 652 1220 793 1284; x_wconf 90' lang='lat' dir='ltr'>breviter</span> <span class='ocrx_word' id='word_1_69' title='bbox 818 1218 939 1283; x_wconf 90' lang='lat' dir='ltr'>dictum</span> <span class='ocrx_word' id='word_1_70' title='bbox 957 1216 1064 1283; x_wconf 89' lang='lat' dir='ltr'>Musei</span> <span class='ocrx_word' id='word_1_71' title='bbox 1081 1218 1163 1301; x_wconf 91' lang='lat' dir='ltr'>phil.</span> <span class='ocrx_word' id='word_1_72' title='bbox 1182 1218 1199 1281; x_wconf 94' lang='lat' dir='ltr'>I</span> <span class='ocrx_word' id='word_1_73' title='bbox 1218 1241 1250 1303; x_wconf 91' lang='lat' dir='ltr'>p.</span> <span class='ocrx_word' id='word_1_74' title='bbox 1270 1220 1299 1283; x_wconf 65' lang='lat'>42</span> 
     </span>
     <span class='ocr_line' id='line_1_10' title="bbox 164 1324 1299 1411; baseline -0.001 -22"><span class='ocrx_word' id='word_1_75' title='bbox 164 1324 342 1411; x_wconf 83' lang='lat' dir='ltr'>[Parergon</span> <span class='ocrx_word' id='word_1_76' title='bbox 356 1350 386 1410; x_wconf 94' lang='lat' dir='ltr'>p.</span> <span class='ocrx_word' id='word_1_77' title='bbox 402 1328 494 1407; x_wconf 70' lang='lat'>2781:</span> <span class='ocrx_word' id='word_1_78' title='bbox 513 1331 622 1391; x_wconf 87' lang='lat' dir='ltr'>tamen</span> <span class='ocrx_word' id='word_1_79' title='bbox 638 1327 718 1411; x_wconf 88' lang='lat' dir='ltr'>quin</span> <span class='ocrx_word' id='word_1_80' title='bbox 733 1349 771 1390; x_wconf 85' lang='lat' dir='ltr'>ex</span> <span class='ocrx_word' id='word_1_81' title='bbox 792 1347 829 1390; x_wconf 88' lang='lat' dir='ltr'>eo</span> <span class='ocrx_word' id='word_1_82' title='bbox 847 1345 963 1408; x_wconf 87' lang='lat' dir='ltr'>genere</span> <span class='ocrx_word' id='word_1_83' title='bbox 981 1325 1133 1390; x_wconf 89' lang='lat' dir='ltr'>universo</span> <span class='ocrx_word' id='word_1_84' title='bbox 1147 1324 1299 1408; x_wconf 86' lang='lat' dir='ltr'>petierint</span> 
     </span>
     <span class='ocr_line' id='line_1_11' title="bbox 158 1421 1299 1517; baseline -0.002 -21"><span class='ocrx_word' id='word_1_85' title='bbox 158 1434 248 1516; x_wconf 82' lang='lat' dir='ltr'>quod</span> <span class='ocrx_word' id='word_1_86' title='bbox 267 1421 444 1517; x_wconf 87' lang='lat' dir='ltr'>Menandri,</span> <span class='ocrx_word' id='word_1_87' title='bbox 468 1434 677 1517; x_wconf 80' lang='lat' dir='ltr'>Philemonis,</span> <span class='ocrx_word' id='word_1_88' title='bbox 700 1432 826 1517; x_wconf 91' lang='lat' dir='ltr'>Diphili</span> <span class='ocrx_word' id='word_1_89' title='bbox 851 1437 1094 1516; x_wconf 85' lang='lat' dir='ltr'>ceterorumque</span> <span class='ocrx_word' id='word_1_90' title='bbox 1113 1434 1299 1495; x_wconf 89' lang='lat' dir='ltr'>comicorun</span> 
     </span>
     <span class='ocr_line' id='line_1_12' title="bbox 164 1537 1299 1624; baseline 0 -22"><span class='ocrx_word' id='word_1_91' title='bbox 164 1540 310 1624; x_wconf 88' lang='lat' dir='ltr'>exemplo</span> <span class='ocrx_word' id='word_1_92' title='bbox 330 1545 363 1604; x_wconf 92' lang='lat' dir='ltr'>et</span> <span class='ocrx_word' id='word_1_93' title='bbox 381 1541 573 1605; x_wconf 88' lang='lat' dir='ltr'>anctoritate</span> <span class='ocrx_word' id='word_1_94' title='bbox 593 1540 784 1622; x_wconf 87' lang='lat' dir='ltr'>continetur,</span> <span class='ocrx_word' id='word_1_95' title='bbox 809 1541 862 1603; x_wconf 88' lang='lat' dir='ltr'>vix</span> <span class='ocrx_word' id='word_1_96' title='bbox 880 1539 1027 1622; x_wconf 88' lang='lat' dir='ltr'>estquod</span> <span class='ocrx_word' id='word_1_97' title='bbox 1042 1538 1239 1604; x_wconf 82' lang='lat' dir='ltr'>dubitemus.</span> <span class='ocrx_word' id='word_1_98' title='bbox 1270 1537 1299 1602; x_wconf 76' lang='lat' dir='ltr'><strong>E</strong></span> 
     </span>
     <span class='ocr_line' id='line_1_13' title="bbox 164 1646 1299 1730; baseline 0 -21"><span class='ocrx_word' id='word_1_99' title='bbox 164 1649 201 1709; x_wconf 91' lang='lat' dir='ltr'>ut</span> <span class='ocrx_word' id='word_1_100' title='bbox 224 1646 382 1730; x_wconf 88' lang='lat' dir='ltr'>quaedam</span> <span class='ocrx_word' id='word_1_101' title='bbox 405 1647 455 1710; x_wconf 91' lang='lat' dir='ltr'>illi</span> <span class='ocrx_word' id='word_1_102' title='bbox 478 1669 537 1711; x_wconf 92' lang='lat' dir='ltr'>nec</span> <span class='ocrx_word' id='word_1_103' title='bbox 560 1647 636 1711; x_wconf 90' lang='lat' dir='ltr'>hinc</span> <span class='ocrx_word' id='word_1_104' title='bbox 659 1647 858 1730; x_wconf 85' lang='lat' dir='ltr'>sumpserint</span> <span class='ocrx_word' id='word_1_105' title='bbox 879 1668 937 1711; x_wconf 89' lang='lat' dir='ltr'>nee</span> <span class='ocrx_word' id='word_1_106' title='bbox 961 1668 978 1710; x_wconf 92' lang='lat' dir='ltr'>e</span> <span class='ocrx_word' id='word_1_107' title='bbox 1005 1668 1081 1711; x_wconf 88' lang='lat' dir='ltr'>suae</span> <span class='ocrx_word' id='word_1_108' title='bbox 1100 1646 1220 1710; x_wconf 89' lang='lat' dir='ltr'>aetatis</span> <span class='ocrx_word' id='word_1_109' title='bbox 1241 1667 1299 1710; x_wconf 90' lang='lat' dir='ltr'>eon</span> 
     </span>
     <span class='ocr_line' id='line_1_14' title="bbox 165 1750 1298 1837; baseline 0.001 -22"><span class='ocrx_word' id='word_1_110' title='bbox 165 1753 334 1816; x_wconf 87' lang='lat' dir='ltr'>suetudine</span> <span class='ocrx_word' id='word_1_111' title='bbox 362 1753 549 1835; x_wconf 79' lang='lat' dir='ltr'>asciverint,</span> <span class='ocrx_word' id='word_1_112' title='bbox 579 1753 633 1817; x_wconf 90' lang='lat' dir='ltr'>sed</span> <span class='ocrx_word' id='word_1_113' title='bbox 661 1753 725 1837; x_wconf 89' lang='lat' dir='ltr'>ipsi</span> <span class='ocrx_word' id='word_1_114' title='bbox 754 1754 907 1818; x_wconf 86' lang='lat' dir='ltr'>finxerint</span> <span class='ocrx_word' id='word_1_115' title='bbox 929 1753 979 1817; x_wconf 90' lang='lat' dir='ltr'>vel</span> <span class='ocrx_word' id='word_1_116' title='bbox 1005 1753 1103 1818; x_wconf 89' lang='lat' dir='ltr'>etiam</span> <span class='ocrx_word' id='word_1_117' title='bbox 1126 1750 1298 1817; x_wconf 83' lang='lat' dir='ltr'>iocularite</span> 
     </span>
     <span class='ocr_line' id='line_1_15' title="bbox 166 1857 1298 1943; baseline 0 -22"><span class='ocrx_word' id='word_1_118' title='bbox 166 1857 319 1943; x_wconf 88' lang='lat' dir='ltr'>luserint,</span> <span class='ocrx_word' id='word_1_119' title='bbox 352 1859 428 1943; x_wconf 92' lang='lat' dir='ltr'>quid</span> <span class='ocrx_word' id='word_1_120' title='bbox 461 1859 581 1924; x_wconf 82' lang='lat' dir='ltr'>refert?</span> <span class='ocrx_word' id='word_1_121' title='bbox 618 1860 714 1925; x_wconf 88' lang='lat' dir='ltr'>modo</span> <span class='ocrx_word' id='word_1_122' title='bbox 747 1863 833 1924; x_wconf 89' lang='lat' dir='ltr'>recte</span> <span class='ocrx_word' id='word_1_123' title='bbox 864 1864 897 1924; x_wconf 90' lang='lat' dir='ltr'>et</span> <span class='ocrx_word' id='word_1_124' title='bbox 929 1860 1048 1924; x_wconf 89' lang='lat' dir='ltr'>rationi</span> <span class='ocrx_word' id='word_1_125' title='bbox 1082 1857 1298 1923; x_wconf 85' lang='lat' dir='ltr'>conveniente</span> 
     </span>
     <span class='ocr_line' id='line_1_16' title="bbox 164 1965 1299 2050; baseline -0.003 -22"><span class='ocrx_word' id='word_1_126' title='bbox 164 1965 323 2028; x_wconf 87' lang='lat' dir='ltr'>finxerint.</span> <span class='ocrx_word' id='word_1_127' title='bbox 361 1965 410 2029; x_wconf 87' lang='lat' dir='ltr'>Ac</span> <span class='ocrx_word' id='word_1_128' title='bbox 428 1965 549 2049; x_wconf 89' lang='lat' dir='ltr'>Papius</span> <span class='ocrx_word' id='word_1_129' title='bbox 574 1988 646 2031; x_wconf 88' lang='lat' dir='ltr'>cum</span> <span class='ocrx_word' id='word_1_130' title='bbox 670 1967 790 2032; x_wconf 89' lang='lat' dir='ltr'>ficticia</span> <span class='ocrx_word' id='word_1_131' title='bbox 808 1967 942 2031; x_wconf 89' lang='lat' dir='ltr'>nomina</span> <span class='ocrx_word' id='word_1_132' title='bbox 960 1965 1145 2030; x_wconf 87' lang='lat' dir='ltr'>comoediae</span> <span class='ocrx_word' id='word_1_133' title='bbox 1167 1984 1299 2050; x_wconf 80' lang='lat' dir='ltr'>graecae</span> 
     </span>
     <span class='ocr_line' id='line_1_17' title="bbox 165 2070 1299 2157; baseline -0.002 -22"><span class='ocrx_word' id='word_1_134' title='bbox 165 2071 389 2154; x_wconf 87' lang='lat' dir='ltr'>Aleiphronis,</span> <span class='ocrx_word' id='word_1_135' title='bbox 416 2070 631 2156; x_wconf 88' lang='lat' dir='ltr'>Aristaeneti,</span> <span class='ocrx_word' id='word_1_136' title='bbox 654 2072 796 2157; x_wconf 85' lang='lat' dir='ltr'>Lucillii,</span> <span class='ocrx_word' id='word_1_137' title='bbox 820 2072 993 2157; x_wconf 86' lang='lat' dir='ltr'>eliorum*)</span> <span class='ocrx_word' id='word_1_138' title='bbox 1016 2072 1202 2137; x_wconf 87' lang='lat' dir='ltr'>rectissime</span> <span class='ocrx_word' id='word_1_139' title='bbox 1225 2075 1260 2135; x_wconf 90' lang='lat' dir='ltr'>et</span> <span class='ocrx_word' id='word_1_140' title='bbox 1281 2071 1299 2133; x_wconf 88' lang='lat' dir='ltr'>i1</span> 
     </span>
     <span class='ocr_line' id='line_1_18' title="bbox 130 2177 1299 2265; baseline 0.003 -27"><span class='ocrx_word' id='word_1_141' title='bbox 130 2200 149 2237; x_wconf 93' lang='lat' dir='ltr'>v</span> <span class='ocrx_word' id='word_1_142' title='bbox 164 2177 293 2242; x_wconf 87' lang='lat' dir='ltr'>lexicon</span> <span class='ocrx_word' id='word_1_143' title='bbox 321 2181 497 2263; x_wconf 86' lang='lat' dir='ltr'>susceperit</span> <span class='ocrx_word' id='word_1_144' title='bbox 525 2184 557 2244; x_wconf 90' lang='lat' dir='ltr'>et</span> <span class='ocrx_word' id='word_1_145' title='bbox 586 2202 641 2244; x_wconf 89' lang='lat' dir='ltr'>cur</span> <span class='ocrx_word' id='word_1_146' title='bbox 665 2203 703 2244; x_wconf 89' lang='lat' dir='ltr'>ex</span> <span class='ocrx_word' id='word_1_147' title='bbox 726 2181 997 2265; x_wconf 80' lang='lat' dir='ltr'>appellativorum</span> <span class='ocrx_word' id='word_1_148' title='bbox 1021 2200 1155 2243; x_wconf 90' lang='lat' dir='ltr'>numero</span> <span class='ocrx_word' id='word_1_149' title='bbox 1180 2177 1299 2242; x_wconf 79' lang='lat' dir='ltr'>eremis</span> 
     </span>
     <span class='ocr_line' id='line_1_19' title="bbox 166 2284 1299 2371; baseline 0.001 -24"><span class='ocrx_word' id='word_1_150' title='bbox 166 2289 224 2368; x_wconf 88' lang='lat' dir='ltr'>set,</span> <span class='ocrx_word' id='word_1_151' title='bbox 247 2285 346 2368; x_wconf 86' lang='lat' dir='ltr'>praef.</span> <span class='ocrx_word' id='word_1_152' title='bbox 370 2308 401 2369; x_wconf 90' lang='lat' dir='ltr'>p.</span> <span class='ocrx_word' id='word_1_153' title='bbox 420 2285 484 2350; x_wconf 92' lang='lat' dir='ltr'>Vll</span> <span class='ocrx_word' id='word_1_154' title='bbox 508 2287 702 2370; x_wconf 84' lang='lat' dir='ltr'>exposuerit,</span> <span class='ocrx_word' id='word_1_155' title='bbox 725 2287 801 2371; x_wconf 91' lang='lat' dir='ltr'>quid</span> <span class='ocrx_word' id='word_1_156' title='bbox 826 2291 877 2351; x_wconf 92' lang='lat' dir='ltr'>est</span> <span class='ocrx_word' id='word_1_157' title='bbox 901 2287 1032 2350; x_wconf 88' lang='lat' dir='ltr'>tandem</span> <span class='ocrx_word' id='word_1_158' title='bbox 1058 2306 1124 2368; x_wconf 91' lang='lat' dir='ltr'>cur,</span> <span class='ocrx_word' id='word_1_159' title='bbox 1147 2284 1299 2370; x_wconf 89' lang='lat' dir='ltr'>quidem</span> 
     </span>
     <span class='ocr_line' id='line_1_20' title="bbox 164 2389 1299 2479; baseline 0.001 -26"><span class='ocrx_word' id='word_1_160' title='bbox 164 2389 242 2454; x_wconf 92' lang='lat' dir='ltr'>nino</span> <span class='ocrx_word' id='word_1_161' title='bbox 261 2391 294 2454; x_wconf 91' lang='lat' dir='ltr'>in</span> <span class='ocrx_word' id='word_1_162' title='bbox 313 2391 375 2457; x_wconf 92' lang='lat' dir='ltr'>hoc</span> <span class='ocrx_word' id='word_1_163' title='bbox 395 2415 512 2479; x_wconf 80' lang='lat' dir='ltr'>genere</span> <span class='ocrx_word' id='word_1_164' title='bbox 531 2394 668 2469; x_wconf 87' lang='lat' dir='ltr'>licuerit,</span> <span class='ocrx_word' id='word_1_165' title='bbox 687 2416 753 2458; x_wconf 89' lang='lat' dir='ltr'>non</span> <span class='ocrx_word' id='word_1_166' title='bbox 771 2394 870 2458; x_wconf 87' lang='lat' dir='ltr'>etiam</span> <span class='ocrx_word' id='word_1_167' title='bbox 885 2393 1036 2457; x_wconf 89' lang='lat' dir='ltr'>Plautino</span> <span class='ocrx_word' id='word_1_168' title='bbox 1052 2390 1299 2476; x_wconf 85' lang='lat' dir='ltr'>Terentianoqn</span> 
     </span>
    </p>
   </div>
   <div class='ocr_carea' id='block_1_3' title="bbox 166 2552 376 2561">
    <p class='ocr_par' dir='ltr' id='par_1_3' title="bbox 166 2552 376 2561">
     <span class='ocr_line' id='line_1_21' title="bbox 166 2552 376 2561; baseline 0.014 -3"><span class='ocrx_word' id='word_1_169' title='bbox 166 2552 232 2559; x_wconf 71' lang='grc'>..-..-</span> <span class='ocrx_word' id='word_1_170' title='bbox 251 2554 376 2561; x_wconf 79' lang='lat'><em>.—-——</em></span> 
     </span>
    </p>
   </div>
   <div class='ocr_carea' id='block_1_4' title="bbox 125 2654 1299 4505">
    <p class='ocr_par' dir='ltr' id='par_1_4' title="bbox 164 2654 1299 3440">
     <span class='ocr_line' id='line_1_22' title="bbox 238 2654 1297 2728; baseline 0 -17"><span class='ocrx_word' id='word_1_171' title='bbox 238 2654 263 2725; x_wconf 86' lang='lat'>*)</span> <span class='ocrx_word' id='word_1_172' title='bbox 282 2657 341 2711; x_wconf 91' lang='lat' dir='ltr'>Nec</span> <span class='ocrx_word' id='word_1_173' title='bbox 359 2659 455 2712; x_wconf 86' lang='lat' dir='ltr'>tamen</span> <span class='ocrx_word' id='word_1_174' title='bbox 474 2658 528 2713; x_wconf 88' lang='lat' dir='ltr'>sibi</span> <span class='ocrx_word' id='word_1_175' title='bbox 546 2658 606 2728; x_wconf 91' lang='lat' dir='ltr'>ipse</span> <span class='ocrx_word' id='word_1_176' title='bbox 626 2658 752 2714; x_wconf 88' lang='lat' dir='ltr'>constitit</span> <span class='ocrx_word' id='word_1_177' title='bbox 770 2676 881 2728; x_wconf 88' lang='lat' dir='ltr'>prorsus</span> <span class='ocrx_word' id='word_1_178' title='bbox 899 2660 1029 2728; x_wconf 83' lang='lat' dir='ltr'>neglecta</span> <span class='ocrx_word' id='word_1_179' title='bbox 1045 2656 1297 2726; x_wconf 83' lang='lat' dir='ltr'>Myobatracho</span> 
     </span>
     <span class='ocr_line' id='line_1_23' title="bbox 164 2745 1299 2817; baseline 0.001 -19"><span class='ocrx_word' id='word_1_180' title='bbox 164 2745 308 2799; x_wconf 89' lang='lat' dir='ltr'>machia.</span> <span class='ocrx_word' id='word_1_181' title='bbox 346 2746 453 2802; x_wconf 87' lang='lat' dir='ltr'>Eodem</span> <span class='ocrx_word' id='word_1_182' title='bbox 476 2748 550 2802; x_wconf 91' lang='lat' dir='ltr'>enim</span> <span class='ocrx_word' id='word_1_183' title='bbox 569 2747 642 2815; x_wconf 88' lang='lat' dir='ltr'>iure,</span> <span class='ocrx_word' id='word_1_184' title='bbox 667 2764 721 2817; x_wconf 88' lang='lat' dir='ltr'>quo</span> <span class='ocrx_word' id='word_1_185' title='bbox 741 2747 820 2802; x_wconf 87' lang='lat' dir='ltr'>velut</span> <span class='ocrx_word' id='word_1_186' title='bbox 838 2763 971 2815; x_wconf 90' lang='lat' dir='ltr'>equorum</span> <span class='ocrx_word' id='word_1_187' title='bbox 991 2746 1200 2816; x_wconf 85' lang='lat' dir='ltr'>(praetermisso</span> <span class='ocrx_word' id='word_1_188' title='bbox 1219 2747 1299 2800; x_wconf 80' lang='lat' dir='ltr'>tame:</span> 
     </span>
     <span class='ocr_line' id='line_1_24' title="bbox 166 2833 1299 2905; baseline -0.001 -19"><span class='ocrx_word' id='word_1_189' title='bbox 166 2834 348 2904; x_wconf 84' lang='grc' dir='ltr'>Βουκεφάλῳ)</span> <span class='ocrx_word' id='word_1_190' title='bbox 373 2840 423 2891; x_wconf 87' lang='lat' dir='ltr'>aut</span> <span class='ocrx_word' id='word_1_191' title='bbox 445 2836 560 2891; x_wconf 88' lang='lat' dir='ltr'>navium</span> <span class='ocrx_word' id='word_1_192' title='bbox 584 2838 661 2891; x_wconf 84' lang='lat' dir='ltr'>certa</span> <span class='ocrx_word' id='word_1_193' title='bbox 684 2836 797 2890; x_wconf 88' lang='lat' dir='ltr'>nomina</span> <span class='ocrx_word' id='word_1_194' title='bbox 820 2852 875 2890; x_wconf 90' lang='lat' dir='ltr'>non</span> <span class='ocrx_word' id='word_1_195' title='bbox 894 2835 922 2888; x_wconf 90' lang='lat' dir='ltr'>in</span> <span class='ocrx_word' id='word_1_196' title='bbox 942 2835 1194 2905; x_wconf 86' lang='lat' dir='ltr'>appellativorum,</span> <span class='ocrx_word' id='word_1_197' title='bbox 1218 2834 1270 2890; x_wconf 84' lang='lat' dir='ltr'>sed</span> <span class='ocrx_word' id='word_1_198' title='bbox 1285 2833 1299 2887; x_wconf 84' lang='lat' dir='ltr'>i:</span> 
     </span>
     <span class='ocr_line' id='line_1_25' title="bbox 165 2922 1299 2994; baseline 0.003 -19"><span class='ocrx_word' id='word_1_199' title='bbox 165 2923 341 2992; x_wconf 88' lang='lat' dir='ltr'>propriorum</span> <span class='ocrx_word' id='word_1_200' title='bbox 364 2924 454 2979; x_wconf 86' lang='lat' dir='ltr'>lexico</span> <span class='ocrx_word' id='word_1_201' title='bbox 473 2925 625 2992; x_wconf 90' lang='lat' dir='ltr'>recensuit,</span> <span class='ocrx_word' id='word_1_202' title='bbox 653 2926 707 2979; x_wconf 90' lang='lat' dir='ltr'>huc</span> <span class='ocrx_word' id='word_1_203' title='bbox 729 2941 814 2979; x_wconf 87' lang='lat' dir='ltr'>ranae</span> <span class='ocrx_word' id='word_1_204' title='bbox 833 2941 981 2993; x_wconf 81' lang='lat' dir='ltr'>mutesque</span> <span class='ocrx_word' id='word_1_205' title='bbox 1000 2923 1142 2994; x_wconf 87' lang='lat' dir='ltr'>pertinent</span> <span class='ocrx_word' id='word_1_206' title='bbox 1160 2923 1212 2993; x_wconf 88' lang='lat' dir='ltr'>qni</span> <span class='ocrx_word' id='word_1_207' title='bbox 1230 2922 1299 2978; x_wconf 80' lang='lat' dir='ltr'>alicu</span> 
     </span>
     <span class='ocr_line' id='line_1_26' title="bbox 164 3011 1299 3084; baseline 0.001 -19"><span class='ocrx_word' id='word_1_208' title='bbox 164 3015 267 3080; x_wconf 83' lang='lat' dir='ltr'>poetae</span> <span class='ocrx_word' id='word_1_209' title='bbox 286 3030 336 3082; x_wconf 88' lang='lat' dir='ltr'>pro</span> <span class='ocrx_word' id='word_1_210' title='bbox 356 3014 515 3069; x_wconf 89' lang='lat' dir='ltr'>hominibus</span> <span class='ocrx_word' id='word_1_211' title='bbox 533 3014 654 3070; x_wconf 85' lang='lat' dir='ltr'>fuerunt.</span> <span class='ocrx_word' id='word_1_212' title='bbox 682 3014 764 3069; x_wconf 90' lang='lat' dir='ltr'>Illinc</span> <span class='ocrx_word' id='word_1_213' title='bbox 783 3013 870 3084; x_wconf 82' lang='lat' dir='ltr'>igitur</span> <span class='ocrx_word' id='word_1_214' title='bbox 883 3013 927 3066; x_wconf 93' lang='lat' dir='ltr'>his</span> <span class='ocrx_word' id='word_1_215' title='bbox 942 3013 1076 3083; x_wconf 86' lang='lat' dir='ltr'>exemplis</span> <span class='ocrx_word' id='word_1_216' title='bbox 1090 3011 1299 3083; x_wconf 75' lang='lat' dir='ltr'>Onomatolog&#39;o</span> 
     </span>
     <span class='ocr_line' id='line_1_27' title="bbox 168 3100 1299 3171; baseline 0.004 -19"><span class='ocrx_word' id='word_1_217' title='bbox 168 3100 308 3169; x_wconf 88' lang='lat' dir='ltr'>Papianus</span> <span class='ocrx_word' id='word_1_218' title='bbox 326 3102 498 3171; x_wconf 86' lang='lat' dir='ltr'>supplendas</span> <span class='ocrx_word' id='word_1_219' title='bbox 517 3106 572 3158; x_wconf 87' lang='lat' dir='ltr'>est:</span> <span class='ocrx_word' id='word_1_220' title='bbox 598 3104 865 3171; x_wconf 78' lang='grc' dir='ltr'>Ἀρτεπίβουλοε.</span> <span class='ocrx_word' id='word_1_221' title='bbox 897 3103 1114 3170; x_wconf 79' lang='grc' dir='ltr'>Ἀρτοφάγοε.</span> <span class='ocrx_word' id='word_1_222' title='bbox 1144 3103 1299 3170; x_wconf 77' lang='grc' dir='ltr'><strong>Βορβορο</strong></span> 
     </span>
     <span class='ocr_line' id='line_1_28' title="bbox 164 3189 1299 3260; baseline 0.004 -20"><span class='ocrx_word' id='word_1_223' title='bbox 164 3189 291 3256; x_wconf 73' lang='grc' dir='ltr'>κοίτης.</span> <span class='ocrx_word' id='word_1_224' title='bbox 330 3190 599 3260; x_wconf 75' lang='grc' dir='ltr'>Ἐμβαείχυτροε.</span> <span class='ocrx_word' id='word_1_225' title='bbox 632 3193 866 3259; x_wconf 73' lang='grc' dir='ltr'>Καλαμίνθιοε.</span> <span class='ocrx_word' id='word_1_226' title='bbox 900 3193 1159 3259; x_wconf 75' lang='grc' dir='ltr'>Κνιεοδιώκτηε.</span> <span class='ocrx_word' id='word_1_227' title='bbox 1195 3193 1299 3248; x_wconf 75' lang='grc' dir='ltr'>Κοιτο</span> 
     </span>
     <span class='ocr_line' id='line_1_29' title="bbox 165 3277 1299 3350; baseline 0.004 -21"><span class='ocrx_word' id='word_1_228' title='bbox 165 3277 277 3344; x_wconf 70' lang='lat' dir='ltr'>petro(</span> <span class='ocrx_word' id='word_1_229' title='bbox 296 3277 361 3346; x_wconf 89' lang='lat' dir='ltr'>(vid.</span> <span class='ocrx_word' id='word_1_230' title='bbox 377 3280 512 3335; x_wconf 90' lang='lat' dir='ltr'>librorum</span> <span class='ocrx_word' id='word_1_231' title='bbox 526 3280 745 3350; x_wconf 86' lang='lat' dir='ltr'>discrepantiam</span> <span class='ocrx_word' id='word_1_232' title='bbox 760 3297 804 3350; x_wconf 87' lang='lat' dir='ltr'>ap.</span> <span class='ocrx_word' id='word_1_233' title='bbox 819 3281 918 3334; x_wconf 89' lang='lat' dir='ltr'>Matth.</span> <span class='ocrx_word' id='word_1_234' title='bbox 938 3280 974 3334; x_wconf 87' lang='lat' dir='ltr'>ad</span> <span class='ocrx_word' id='word_1_235' title='bbox 992 3298 1018 3334; x_wconf 86' lang='lat' dir='ltr'>v.</span> <span class='ocrx_word' id='word_1_236' title='bbox 1033 3285 1085 3333; x_wconf 79' lang='lat'>210</span> <span class='ocrx_word' id='word_1_237' title='bbox 1100 3281 1181 3349; x_wconf 88' lang='lat' dir='ltr'>sqq.).</span> <span class='ocrx_word' id='word_1_238' title='bbox 1207 3281 1228 3334; x_wconf 88' lang='grc' dir='ltr'>Κ</span> <span class='ocrx_word' id='word_1_239' title='bbox 1234 3297 1299 3348; x_wconf 77' lang='lat' dir='ltr'>pop</span> 
     </span>
     <span class='ocr_line' id='line_1_30' title="bbox 165 3367 1299 3440; baseline 0.004 -22"><span class='ocrx_word' id='word_1_240' title='bbox 165 3367 325 3433; x_wconf 76' lang='grc' dir='ltr'>βοφάγοε.</span> <span class='ocrx_word' id='word_1_241' title='bbox 355 3370 612 3438; x_wconf 74' lang='grc' dir='ltr'>[Κραμβοβάτηε</span> <span class='ocrx_word' id='word_1_242' title='bbox 636 3389 660 3426; x_wconf 90' lang='lat' dir='ltr'>v.</span> <span class='ocrx_word' id='word_1_243' title='bbox 686 3376 737 3424; x_wconf 74' lang='lat' dir='ltr'>23ss</span> <span class='ocrx_word' id='word_1_244' title='bbox 761 3370 816 3424; x_wconf 91' lang='lat' dir='ltr'>fide</span> <span class='ocrx_word' id='word_1_245' title='bbox 839 3370 936 3440; x_wconf 65' lang='lat' dir='ltr'>caret]</span> <span class='ocrx_word' id='word_1_246' title='bbox 963 3368 1207 3437; x_wconf 70' lang='grc' dir='ltr'>Κραυγαείδηε.</span> <span class='ocrx_word' id='word_1_247' title='bbox 1245 3370 1299 3423; x_wconf 81' lang='grc' dir='ltr'>Λει</span> 
     </span>
    </p>

    <p class='ocr_par' dir='ltr' id='par_1_5' title="bbox 144 3454 1299 4330">
     <span class='ocr_line' id='line_1_31' title="bbox 144 3454 1299 3530; baseline 0.004 -23"><span class='ocrx_word' id='word_1_248' title='bbox 144 3454 291 3530; x_wconf 33' lang='grc' dir='ltr'><strong>,χήνωμ</strong></span> <span class='ocrx_word' id='word_1_249' title='bbox 307 3457 505 3524; x_wconf 81' lang='grc' dir='ltr'>Λειχομύλη.</span> <span class='ocrx_word' id='word_1_250' title='bbox 521 3457 736 3526; x_wconf 71' lang='grc' dir='ltr'>(Λειχοπίναξ</span> <span class='ocrx_word' id='word_1_251' title='bbox 752 3475 784 3512; x_wconf 86' lang='lat' dir='ltr'>ex</span> <span class='ocrx_word' id='word_1_252' title='bbox 796 3456 1299 3528; x_wconf 70' lang='lat' dir='ltr'>Alciphroneallatum.)llrpvlpcro‹</span> 
     </span>
     <span class='ocr_line' id='line_1_32' title="bbox 165 3543 1299 3616; baseline 0.005 -21"><span class='ocrx_word' id='word_1_253' title='bbox 165 3543 378 3614; x_wconf 75' lang='grc' dir='ltr'>Λιμνόχαριε.</span> <span class='ocrx_word' id='word_1_254' title='bbox 399 3545 479 3615; x_wconf 83' lang='lat' dir='ltr'>[Fide</span> <span class='ocrx_word' id='word_1_255' title='bbox 498 3549 577 3600; x_wconf 87' lang='lat' dir='ltr'>caret</span> <span class='ocrx_word' id='word_1_256' title='bbox 595 3548 755 3613; x_wconf 80' lang='grc' dir='ltr'>Λιτραῑο(</span> <span class='ocrx_word' id='word_1_257' title='bbox 772 3564 798 3601; x_wconf 89' lang='lat' dir='ltr'>v.</span> <span class='ocrx_word' id='word_1_258' title='bbox 819 3547 891 3616; x_wconf 70' lang='lat'>225]</span> <span class='ocrx_word' id='word_1_259' title='bbox 912 3547 1143 3613; x_wconf 77' lang='grc' dir='ltr'>Μεριδάρπαξ.</span> <span class='ocrx_word' id='word_1_260' title='bbox 1169 3548 1299 3615; x_wconf 66' lang='lat' dir='ltr'>(Opera</span> 
     </span>
     <span class='ocr_line' id='line_1_33' title="bbox 164 3633 1299 3704; baseline 0.004 -19"><span class='ocrx_word' id='word_1_261' title='bbox 164 3633 247 3686; x_wconf 83' lang='grc' dir='ltr'>νίων</span> <span class='ocrx_word' id='word_1_262' title='bbox 271 3652 296 3688; x_wconf 89' lang='lat' dir='ltr'>v.</span> <span class='ocrx_word' id='word_1_263' title='bbox 316 3640 368 3688; x_wconf 77' lang='lat'>265</span> <span class='ocrx_word' id='word_1_264' title='bbox 394 3651 427 3689; x_wconf 86' lang='lat' dir='ltr'>ex</span> <span class='ocrx_word' id='word_1_265' title='bbox 446 3635 587 3690; x_wconf 83' lang='lat' dir='ltr'>Antonino</span> <span class='ocrx_word' id='word_1_266' title='bbox 610 3634 753 3704; x_wconf 88' lang='lat' dir='ltr'>innotuit.)</span> <span class='ocrx_word' id='word_1_267' title='bbox 771 3636 983 3702; x_wconf 77' lang='grc' dir='ltr'>Πηλοβάτηε.</span> <span class='ocrx_word' id='word_1_268' title='bbox 1016 3634 1086 3701; x_wconf 84' lang='lat' dir='ltr'>(Nec</span> <span class='ocrx_word' id='word_1_269' title='bbox 1105 3634 1269 3700; x_wconf 77' lang='grc' dir='ltr'>Πηλείων</span> <span class='ocrx_word' id='word_1_270' title='bbox 1292 3655 1299 3682; x_wconf 67' lang='lat' dir='ltr'>r</span> 
     </span>
     <span class='ocr_line' id='line_1_34' title="bbox 167 3722 1299 3794; baseline 0.005 -19"><span class='ocrx_word' id='word_1_271' title='bbox 167 3728 219 3776; x_wconf 81' lang='lat'>206</span> <span class='ocrx_word' id='word_1_272' title='bbox 242 3739 354 3791; x_wconf 86' lang='lat' dir='ltr'>prorsus</span> <span class='ocrx_word' id='word_1_273' title='bbox 378 3724 671 3793; x_wconf 88' lang='lat' dir='ltr'>praetermittendum,</span> <span class='ocrx_word' id='word_1_274' title='bbox 699 3728 731 3779; x_wconf 92' lang='lat' dir='ltr'>ut</span> <span class='ocrx_word' id='word_1_275' title='bbox 754 3724 829 3794; x_wconf 90' lang='lat' dir='ltr'>qnod</span> <span class='ocrx_word' id='word_1_276' title='bbox 853 3724 889 3779; x_wconf 86' lang='lat' dir='ltr'>ad</span> <span class='ocrx_word' id='word_1_277' title='bbox 911 3725 998 3790; x_wconf 74' lang='grc' dir='ltr'>πηλὸς</span> <span class='ocrx_word' id='word_1_278' title='bbox 1022 3722 1152 3777; x_wconf 85' lang='lat' dir='ltr'>simulet</span> <span class='ocrx_word' id='word_1_279' title='bbox 1171 3724 1299 3780; x_wconf 78' lang='lat' dir='ltr'>heroicsu</span> 
     </span>
     <span class='ocr_line' id='line_1_35' title="bbox 164 3813 1299 3883; baseline 0.004 -19"><span class='ocrx_word' id='word_1_280' title='bbox 164 3826 265 3864; x_wconf 92' lang='lat' dir='ltr'>nomen</span> <span class='ocrx_word' id='word_1_281' title='bbox 288 3814 415 3880; x_wconf 84' lang='lat' dir='ltr'>spectet.)</span> <span class='ocrx_word' id='word_1_282' title='bbox 439 3814 660 3881; x_wconf 80' lang='grc' dir='ltr'>Πολύφωνοε.</span> <span class='ocrx_word' id='word_1_283' title='bbox 694 3815 893 3880; x_wconf 74' lang='grc' dir='ltr'>Πραεεαῑοε.</span> <span class='ocrx_word' id='word_1_284' title='bbox 920 3813 1180 3879; x_wconf 75' lang='grc' dir='ltr'>Πρααοφάγοε.</span> <span class='ocrx_word' id='word_1_285' title='bbox 1209 3815 1299 3883; x_wconf 72' lang='grc' dir='ltr'>Πτέρ</span> 
     </span>
     <span class='ocr_line' id='line_1_36' title="bbox 163 3901 1299 3970; baseline 0.007 -19"><span class='ocrx_word' id='word_1_286' title='bbox 163 3901 349 3967; x_wconf 81' lang='grc' dir='ltr'>νογλύφοε.</span> <span class='ocrx_word' id='word_1_287' title='bbox 377 3902 683 3969; x_wconf 74' lang='grc' dir='ltr'>Πτερνοτρώκτηε.</span> <span class='ocrx_word' id='word_1_288' title='bbox 711 3903 974 3970; x_wconf 76' lang='grc' dir='ltr'>Πτερνοφάγοε.</span> <span class='ocrx_word' id='word_1_289' title='bbox 1002 3902 1194 3958; x_wconf 72' lang='lat' dir='ltr'>(certator.</span> <span class='ocrx_word' id='word_1_290' title='bbox 1224 3903 1299 3959; x_wconf 75' lang='lat' dir='ltr'>(rra</span> 
     </span>
     <span class='ocr_line' id='line_1_37' title="bbox 164 3990 1299 4060; baseline 0.004 -17"><span class='ocrx_word' id='word_1_291' title='bbox 164 3990 281 4056; x_wconf 71' lang='grc' dir='ltr'>φάγος.</span> <span class='ocrx_word' id='word_1_292' title='bbox 318 3991 575 4058; x_wconf 76' lang='grc' dir='ltr'>Τρωγλοδύτηε.</span> <span class='ocrx_word' id='word_1_293' title='bbox 604 3993 816 4060; x_wconf 77' lang='grc' dir='ltr'>Τρωξάρτηε.</span> <span class='ocrx_word' id='word_1_294' title='bbox 848 3991 1073 4058; x_wconf 79' lang='grc' dir='ltr'>Τυρογλύφο(</span> <span class='ocrx_word' id='word_1_295' title='bbox 1095 3992 1299 4060; x_wconf 80' lang='grc' dir='ltr'>(Τυροφάγο</span> 
     </span>
     <span class='ocr_line' id='line_1_38' title="bbox 165 4077 1299 4149; baseline 0.006 -18"><span class='ocrx_word' id='word_1_296' title='bbox 165 4094 216 4132; x_wconf 89' lang='lat' dir='ltr'>scr.</span> <span class='ocrx_word' id='word_1_297' title='bbox 241 4077 322 4132; x_wconf 87' lang='lat' dir='ltr'>diser.</span> <span class='ocrx_word' id='word_1_298' title='bbox 346 4096 372 4131; x_wconf 91' lang='lat' dir='ltr'>v.</span> <span class='ocrx_word' id='word_1_299' title='bbox 396 4082 467 4149; x_wconf 76' lang='lat'>222).</span> <span class='ocrx_word' id='word_1_300' title='bbox 493 4081 760 4148; x_wconf 71' lang='lat' dir='ltr'>‘thoptoooca-</span> <span class='ocrx_word' id='word_1_301' title='bbox 789 4082 996 4149; x_wconf 74' lang='lat' dir='ltr'>‘thdxoprc</span> <span class='ocrx_word' id='word_1_302' title='bbox 1035 4080 1208 4145; x_wconf 72' lang='grc' dir='ltr'>Ὑψιβόαε.</span> <span class='ocrx_word' id='word_1_303' title='bbox 1240 4085 1299 4138; x_wconf 59' lang='lat' dir='ltr'>val</span> 
     </span>
     <span class='ocr_line' id='line_1_39' title="bbox 164 4167 1299 4240; baseline 0.005 -20"><span class='ocrx_word' id='word_1_304' title='bbox 164 4173 282 4234; x_wconf 80' lang='grc' dir='ltr'>τραῑο(</span> <span class='ocrx_word' id='word_1_305' title='bbox 300 4167 365 4235; x_wconf 87' lang='lat' dir='ltr'>(vid.</span> <span class='ocrx_word' id='word_1_306' title='bbox 384 4167 485 4222; x_wconf 81' lang='lat' dir='ltr'>Matth.</span> <span class='ocrx_word' id='word_1_307' title='bbox 504 4169 540 4223; x_wconf 87' lang='lat' dir='ltr'>ad</span> <span class='ocrx_word' id='word_1_308' title='bbox 559 4187 584 4226; x_wconf 90' lang='lat' dir='ltr'>v.</span> <span class='ocrx_word' id='word_1_309' title='bbox 604 4173 675 4240; x_wconf 75' lang='lat'>225).</span> <span class='ocrx_word' id='word_1_310' title='bbox 694 4170 914 4235; x_wconf 73' lang='grc' dir='ltr'>Φυείγναθοε.</span> <span class='ocrx_word' id='word_1_311' title='bbox 939 4170 1121 4237; x_wconf 81' lang='grc' dir='ltr'>Ψιχάρπαξ.</span> <span class='ocrx_word' id='word_1_312' title='bbox 1142 4169 1299 4240; x_wconf 79' lang='grc' dir='ltr'>Ὼκιμίδη</span> 
     </span>
     <span class='ocr_line' id='line_1_40' title="bbox 164 4256 1299 4330; baseline 0.006 -21"><span class='ocrx_word' id='word_1_313' title='bbox 164 4256 210 4322; x_wconf 87' lang='lat' dir='ltr'>(el.</span> <span class='ocrx_word' id='word_1_314' title='bbox 231 4257 368 4322; x_wconf 88' lang='grc' dir='ltr'>Ὤκιμον</span> <span class='ocrx_word' id='word_1_315' title='bbox 389 4258 552 4326; x_wconf 82' lang='grc' dir='ltr'>Ὠκίμων),</span> <span class='ocrx_word' id='word_1_316' title='bbox 592 4258 667 4324; x_wconf 86' lang='lat' dir='ltr'>Quae</span> <span class='ocrx_word' id='word_1_317' title='bbox 691 4259 805 4313; x_wconf 90' lang='lat' dir='ltr'>nomina</span> <span class='ocrx_word' id='word_1_318' title='bbox 829 4259 882 4314; x_wconf 90' lang='lat' dir='ltr'>etsi</span> <span class='ocrx_word' id='word_1_319' title='bbox 905 4258 1028 4313; x_wconf 80' lang='lat' dir='ltr'>dubitari</span> <span class='ocrx_word' id='word_1_320' title='bbox 1052 4258 1150 4327; x_wconf 89' lang='lat' dir='ltr'>nequit</span> <span class='ocrx_word' id='word_1_321' title='bbox 1172 4260 1244 4330; x_wconf 89' lang='lat' dir='ltr'>quin</span> <span class='ocrx_word' id='word_1_322' title='bbox 1263 4277 1299 4316; x_wconf 87' lang='lat' dir='ltr'>no</span> 
     </span>
    </p>

    <p class='ocr_par' dir='ltr' id='par_1_6' title="bbox 125 4344 1299 4505">
     <span class='ocr_line' id='line_1_41' title="bbox 125 4344 1299 4416; baseline 0.004 -17"><span class='ocrx_word' id='word_1_323' title='bbox 125 4356 130 4364; x_wconf 84' lang='lat'><strong>·</strong></span> <span class='ocrx_word' id='word_1_324' title='bbox 164 4344 294 4400; x_wconf 84' lang='lat' dir='ltr'>universa</span> <span class='ocrx_word' id='word_1_325' title='bbox 316 4346 409 4400; x_wconf 88' lang='lat' dir='ltr'>locam</span> <span class='ocrx_word' id='word_1_326' title='bbox 433 4365 512 4401; x_wconf 91' lang='lat' dir='ltr'>suum</span> <span class='ocrx_word' id='word_1_327' title='bbox 538 4347 566 4401; x_wconf 92' lang='lat' dir='ltr'>in</span> <span class='ocrx_word' id='word_1_328' title='bbox 591 4364 648 4401; x_wconf 88' lang='lat' dir='ltr'>nna</span> <span class='ocrx_word' id='word_1_329' title='bbox 666 4348 818 4416; x_wconf 89' lang='lat' dir='ltr'>eademque</span> <span class='ocrx_word' id='word_1_330' title='bbox 837 4345 968 4401; x_wconf 85' lang='lat' dir='ltr'>carminis</span> <span class='ocrx_word' id='word_1_331' title='bbox 987 4346 1064 4401; x_wconf 87' lang='lat' dir='ltr'>iilius</span> <span class='ocrx_word' id='word_1_332' title='bbox 1085 4347 1250 4404; x_wconf 87' lang='lat' dir='ltr'>recensione</span> <span class='ocrx_word' id='word_1_333' title='bbox 1268 4349 1299 4404; x_wconf 77' lang='lat' dir='ltr'>hs</span> 
     </span>
     <span class='ocr_line' id='line_1_42' title="bbox 165 4432 1003 4505; baseline 0.005 -18"><span class='ocrx_word' id='word_1_334' title='bbox 165 4432 285 4502; x_wconf 88' lang='lat' dir='ltr'>buerint,</span> <span class='ocrx_word' id='word_1_335' title='bbox 303 4436 400 4489; x_wconf 83' lang='lat' dir='ltr'>tamen</span> <span class='ocrx_word' id='word_1_336' title='bbox 418 4435 447 4488; x_wconf 92' lang='lat' dir='ltr'>id</span> <span class='ocrx_word' id='word_1_337' title='bbox 465 4434 557 4504; x_wconf 89' lang='lat' dir='ltr'>ipsum</span> <span class='ocrx_word' id='word_1_338' title='bbox 576 4435 631 4491; x_wconf 90' lang='lat' dir='ltr'>huc</span> <span class='ocrx_word' id='word_1_339' title='bbox 651 4435 764 4504; x_wconf 88' lang='lat' dir='ltr'>quidem</span> <span class='ocrx_word' id='word_1_340' title='bbox 784 4434 855 4490; x_wconf 91' lang='lat' dir='ltr'>nihil</span> <span class='ocrx_word' id='word_1_341' title='bbox 873 4434 1003 4505; x_wconf 88' lang='lat' dir='ltr'>pertinet.</span> 
     </span>
    </p>
   </div>
   <div class='ocr_carea' id='block_1_5' title="bbox 0 0 1468 5046">
    <p class='ocr_par' dir='ltr' id='par_1_7' title="bbox 0 0 1468 5046">
     <span class='ocr_line' id='line_1_43' title="bbox 0 0 1468 5046; baseline 0 0"><span class='ocrx_word' id='word_1_342' title='bbox 0 0 1468 5046; x_wconf 95' lang='lat' dir='ltr'> </span> 
     </span>
    </p>
   </div>
  </div>
 </body>
</html>
