2924 5046
540 322 601 367 DIE
625 318 970 368 SCHRIFTSTELLEREI

367 467 432 529 *76
456 464 571 529 Libros
597 467 709 529 Αοτιο(
733 464 883 526 Τοπικον.

367 570 434 635 *25
457 569 517 633 Do.
597 568 637 633 de
661 569 789 652 Lingua
812 566 938 631 Latina.

390 679 434 742 *9
459 677 518 741 Do.
599 676 863 760 Disciplinarum.

389 786 434 850 *5
458 784 518 848 Do.
598 784 637 847 de
661 781 815 846 Sermone
839 779 967 844 Latino.

391 892 436 956 *5
459 891 518 956 Do,
601 889 814 966 Questionum
838 887 1113 952 Plautinanarum.

389 1000 433 1062 *3
458 997 517 1062 Do.
601 996 784 1060 Annalium.

413 1106 433 1168 3
457 1104 517 1168 Do.
599 1103 638 1167 de
662 1101 795 1186 Origine
820 1099 955 1183 Linguae
978 1097 1114 1162 Latinae.

391 1212 435 1274 *3
459 1208 519 1274 Do,
600 1208 639 1271 de
662 1206 835 1271 Poematis.

416 1318 436 1380 3
460 1316 519 1380 Do,
601 1314 640 1378 de
664 1312 854 1397 Originibus
879 1310 1004 1375 Saeouli.

391 1424 435 1487 *3
459 1420 517 1485 Do.
600 1420 638 1484 de
662 1417 803 1484 Sceniois
829 1417 1031 1482 notionibus.

418 1528 438 1590 3
461 1525 521 1590 D0.
601 1526 640 1589 de
665 1524 758 1589 Actis
783 1525 934 1590 Scenieis.

415 1634 435 1697 3
459 1631 518 1696 Do.
600 1633 638 1696 de
662 1631 951 1714 Descriptionibus.

391 1740 436 1803 *3
460 1739 520 1803 Do.
603 1740 641 1803 de
666 1738 868 1822 Proprietate
892 1738 1101 1821 Scriptorum.

390 1847 434 1909 *3
458 1844 518 1909 Do.
600 1844 639 1909 de
663 1844 886 1909 Bibliothecis.

415 1953 435 2015 3
459 1952 520 2016 Do.
600 1951 639 2015 de
663 1950 879 2015 Lectionibus.

416 2060 437 2121 3
461 2057 520 2122 Do.
601 2058 641 2122 de
665 2057 883 2122 Similitudiue
907 2056 1099 2121 Verborum.

416 2164 436 2227 3
461 2164 520 2228 Do.
587 2164 825 2248 Legationum.

417 2272 438 2332 3
463 2268 521 2334 Do.
604 2269 807 2334 suasionum.

417 2377 437 2438 3
461 2375 521 2440 Do.
603 2376 641 2439 de
666 2374 828 2458 Pompeio.

398 2484 437 2547 10
461 2482 520 2546 Do.
602 2480 796 2565 Singulares.

392 2590 435 2652 *3
460 2587 519 2653 Do.
601 2587 640 2650 de
663 2585 824 2652 Personis.
952 2568 955 2573 .

397 2694 438 2758 15
461 2694 520 2757 Do.
603 2693 643 2756 de
665 2693 745 2756 Jure
769 2691 874 2756 civili.

416 2801 436 2863 9
461 2803 620 2878 Επιτομην
644 2822 681 2863 ex
706 2798 800 2862 libris
823 2799 866 2862 45
891 2797 1145 2881 Antiquitatum.

417 2907 437 2970 9
461 2906 634 2989 Epitomen
658 2927 697 2968 ex
721 2904 814 2968 libris
842 2906 881 2967 15
905 2904 943 2968 de
967 2904 1094 2987 Lingua
1119 2903 1182 2969 Lat

417 3012 437 3075 9
462 3012 578 3076 Libros
606 3012 644 3074 de
667 3010 823 3093 Pinoipiis
847 3010 1072 3075 Numerorum.

393 3118 436 3181 *3
459 3115 519 3180 Do.
601 3116 721 3180 Rerum
745 3115 960 3180 Rustieorum.

422 3226 436 3287 1
462 3222 522 3286 Do.
604 3223 643 3286 de
666 3222 861 3287 Valetudine
884 3222 1011 3287 tuenda.

417 3329 438 3393 3
461 3328 521 3393 Du.
602 3329 641 3393 de
667 3329 843 3394 suavitate.

301 3484 303 3487 -
393 3436 436 3499 *3
460 3434 520 3500 Do.
603 3436 641 3499 de
665 3435 783 3501 Forma
807 3435 1037 3518 Philosophia.

347 3541 351 3548 ’
416 3545 437 3607 3
460 3542 519 3608 Do.
602 3542 722 3606 Rerum
745 3541 961 3608 Urbanarum.

376 3651 438 3715 150
461 3650 522 3714 Do.
613 3648 804 3733 Satyrorum
828 3649 1073 3733 Menypparum.

398 3757 439 3820 19
462 3755 521 3820 Do.
604 3754 802 3819 Poematum.

397 3862 440 3925 22
455 3846 523 3925 νΙ)ο.
605 3860 806 3925 Orationum.

417 3969 438 4031 6
461 3965 520 4032 Do.
604 3967 859 4053 Tragoediarum.

417 4073 438 4136 4
462 4072 521 4138 Do.
603 4072 802 4158 Satyrorum.

189 4185 223 4251 et
250 4181 315 4245 alia
342 4181 436 4263 plura
459 4201 529 4264 quae
554 4201 743 4244 enumerare
766 4181 902 4265 longum
926 4187 985 4246 est.
1031 4181 1099 4251 Vix
1119 4183 1185 4247 mei

190 4287 305 4371 scripsi
332 4287 469 4351 invicem
498 4290 531 4349 et
554 4286 738 4372 legentibus
762 4287 931 4352 fastidium
956 4293 1015 4353 est.
1062 4288 1107 4352 At
1130 4291 1148 4352 ὁ
1173 4311 1185 4353 e

189 4396 303 4459 nostra
330 4393 438 4478 secula
465 4393 589 4458 habent
614 4392 760 4459 homines
790 4393 946 4477 eruditos,
978 4395 1146 4479 sciuntque
1174 4417 1185 4481 1
