2888 5040
413 350 490 397 srva
514 349 762 399 ilsnooninvn
787 350 891 398 arser.
1164 331 1228 395 539

125 488 273 559 lPliniua
292 492 462 558 consilium
486 495 614 557 secutus
633 497 691 576 est,
715 494 741 557 si
765 493 976 558 nihilominus
998 492 1133 556 notitiae
1148 490 1228 554 Var-

125 601 237 666 inianae
265 601 388 685 species
416 601 575 685 quaedam
603 600 735 684 residet,
758 601 790 664 id
814 604 907 664 tanto
931 599 1047 662 certius
1071 599 1228 663 librorum

125 726 161 769 us
190 708 418 772 advocatorum
450 708 672 771 testimonium
704 707 894 771 tenebimus.
952 706 1055 788 Atque
1088 705 1226 787 primum

125 815 191 893 caius
209 814 366 880 Varronis
394 812 500 899 (cuius
529 815 717 879 memoriam
746 814 933 897 frequentat
962 812 1035 875 aliis
1063 811 1156 893 locis,
1189 810 1229 874 ef.

125 919 162 984 nd.
173 918 308 1004 Gesner.)
333 920 529 984 mentionem
554 920 710 985 habemus
735 921 820 984 dicto
845 920 913 983 eius
931 918 1103 984 notissimo
1127 918 1229 981 allato

125 1025 191 1103 §902
223 1024 347 1090 ‘Musas
375 1025 526 1090 Plautino
557 1047 702 1090 sermone
732 1027 896 1091 locuturas
926 1025 1039 1105 fuisse,
1072 1025 1100 1087 si
1129 1023 1230 1087 latine

125 1131 181 1216 loqui
199 1131 332 1196 vellent?
379 1131 501 1195 Deinde
530 1133 662 1197 nomina
692 1134 818 1217 eadem,
850 1156 931 1218 quae
959 1134 993 1197 in
1016 1132 1229 1197 Varronianis

125 1235 338 1303 hebdomadibus
369 1238 532 1302 illustrata
561 1239 661 1303 fuisse
690 1241 817 1303 aliunde
851 1240 1016 1323 cognitum
1049 1242 1111 1319 est,
1144 1237 1227 1321 apud

125 1341 338 1419 Quinctilianum
370 1344 517 1427 redeunt,
551 1350 708 1428 quatenus
741 1346 847 1428 operis
880 1348 997 1409 natura
1025 1345 1228 1421 admittebat,

125 1453 215 1514 autum
243 1473 311 1515 nou
344 1451 453 1515 omnia
463 1451 504 1534 ²³).
555 1450 719 1516 Habemus
748 1452 938 1534 Homerum,
969 1474 988 1516 a
1016 1474 1078 1534 quo
1107 1451 1229 1533 pariter

125 1558 191 1640 itque
202 1557 301 1622 Varro
325 1563 362 1620 ut
384 1579 404 1621 a
427 1557 502 1622 love
525 1557 689 1623 exordium
714 1560 800 1642 capit
823 1561 909 1642 §ca
934 1582 1029 1643 quem
1048 1557 1158 1622 statim
1177 1579 1228 1620 ex·

125 1662 178 1744 :ipit
202 1668 219 1745 ξ
244 1664 287 1728 52
316 1661 491 1749 Hesiodea,
524 1664 681 1729 habemus
716 1664 916 1729 Demetrium
948 1666 1120 1745 Phalerea,
1152 1664 1228 1727 licet

125 1770 311 1837 unicolorem
342 1771 409 1834 eius
440 1776 563 1836 vestem
594 1795 660 1836 non
690 1773 770 1835 bene
802 1772 842 1836 ad
873 1773 1034 1837 forensem
1065 1771 1228 1855 pulverem

125 1872 197 1940 'acere
224 1881 241 1959 5
265 1879 308 1941 33
342 1879 517 1959 monuerit,
549 1882 659 1942 tamen
692 1879 776 1942 inter
809 1882 953 1944 oratores
990 1878 1062 1941 aliis
1099 1876 1228 1940 omissis

125 1989 368 2049 nmnemomtum
390 1985 482 2064 §8st
507 1983 714 2068 ‘quinetiam
735 1984 892 2048 Phalerea
911 1986 999 2048 illum
1020 1982 1229 2065 Demetrium,

125 2104 280 2173 {nonquam
304 2090 332 2154 is
357 2093 479 2173 primus
503 2090 677 2154 inclinasse
701 2091 918 2174 eloquentiam
942 2090 1068 2173 dicitur,
1090 2090 1229 2152 multum

125 2188 213 2275 'nigenii
238 2196 391 2261 habuisse
423 2200 455 2260 et
485 2196 655 2261 facundiae
687 2197 804 2279 fateor,
838 2198 886 2260 vel
914 2198 956 2261 ob
985 2197 1045 2261 hoc
1073 2197 1230 2260 memoria

125 2291 231 2385 lignum,
247 2303 330 2386 quod
346 2303 480 2367 ultimus
496 2308 545 2367 est
563 2303 630 2367 fere
649 2325 687 2368 ex
704 2304 820 2368 Atticis
837 2304 892 2388 qui
906 2303 969 2367 dici
984 2304 1088 2387 possit
1106 2307 1228 2387 orat0r3
1244 2323 1269 2362 n

125 2419 193 2481 quem
215 2412 318 2474 tamen
345 2409 379 2473 in
409 2409 466 2473 illo
494 2409 600 2473 medio
624 2431 741 2494 genere
766 2410 890 2474 dicendi
914 2409 1056 2493 praefert
1079 2409 1229 2473 omnibus

125 2500 228 2596 llicero’,
257 2515 414 2581 habemus
447 2515 602 2599 denique,
634 2538 674 2579 ne
704 2516 812 2580 minus
843 2520 933 2580 certa
962 2515 1229 2597 praetermittam,

125 2607 273 2700 Euripidem
297 2626 317 2703 ξ
341 2623 393 2703 67,
417 2622 508 2686 cuius
531 2623 722 2686 memoriam
746 2645 765 2686 a
789 2622 892 2686 Gellio
917 2620 1019 2703 XVII,
1042 2624 1063 2684 4
1086 2622 1229 2685 nomina-

125 2717 168 2784 tim
189 2747 218 2790 er
240 2728 384 2793 Varrone
411 2728 575 2812 proditam
604 2728 801 2793 Ritschelius
831 2728 925 2813 (Mus.
945 2728 1005 2791 Ith.
1025 2727 1071 2790 VI
1095 2751 1125 2811 p.
1149 2725 1229 2812 514)

125 2819 238 2906 inprimis
263 2834 519 2899 hebdomadibus
548 2834 648 2898 tribui
679 2856 773 2916 posse
803 2834 1069 2917 pronuntiaverit.
1115 2832 1228 2917 Nmpe
1256 2814 1264 2822 ’

125 2935 259 3010 arenarii
290 2942 417 3007 numeri
453 2941 572 3005 indicia
605 2940 761 3023 quaedam
804 2941 838 3004 in
875 2940 999 3024 aliquot
1035 2940 1229 3022 scriptorum

125 3029 246 3111 ltussibus
268 3071 334 3113 non
358 3051 524 3131 apparent.
570 3046 623 3111 Sic
647 3048 808 3130 epicorum
833 3048 853 3110 i.
868 3069 893 3110 e.
918 3070 1028 3112 eorum
1054 3048 1108 3130 qui
1133 3046 1227 3110 hexa-

126 3145 201 3211 neca
216 3174 303 3218 versu
324 3155 372 3218 usi
392 3158 477 3236 sunt,
495 3158 623 3236 praeter
638 3154 825 3236 Homerum,
845 3176 939 3236 quem
959 3155 1125 3238 isagogioo
1145 3153 1228 3217 libro

125 3258 332 3344 caueamus,
364 3260 541 3325 hebdomas
575 3261 683 3344 prodit
715 3264 735 3339 ἓ
764 3261 820 3324 52:
859 3260 1032 3343 Hesiodus,
1064 3259 1230 3344 PanyasiS,

127 3344 290 3451 Apollonius,
305 3368 437 3449 Aratus,
451 3367 651 3449 Theocritus,
674 3366 839 3449 Pisander,
861 3364 1033 3449 Nicander,
1057 3366 1083 3430 si
1098 3366 1231 3449 Eupho-

126 3453 217 3535 Vfflltm
244 3479 377 3559 propter
409 3474 541 3558 Virgilii
581 3473 798 3537 imitationem
831 3474 872 3537 ab
906 3473 976 3556 ipso
1010 3473 1229 3549 Quinctiliano

127 3560 249 3642 adiectum
271 3586 375 3663 putes.
416 3579 539 3642 Rursus
564 3578 795 3643 historicorum
820 3577 1053 3642 hebdomadem
1076 3579 1230 3661 proponit

125 3662 273 3761 Ῑῑῦῡθξῗὸτ
292 3685 521 3768 Thucydidem,
541 3685 751 3767 Herodotum,
771 3685 1027 3767 Theopompum,
1046 3683 1229 3765 Philistum,

125 3774 267 3876 Ephorum,
295 3791 510 3873 Clitarchum,
537 3791 760 3877 Timagenem,
794 3793 825 3855 in
855 3791 971 3874 quibus
999 3812 1039 3853 ue
1067 3788 1229 3853 desideres

125 3880 343 3980 Xenophontem,
363 3896 401 3961 de
420 3896 578 3960 industria
597 3896 666 3979 ipse
686 3897 787 3961 addit:
812 3895 1007 3978 ‘Xenophon
1026 3916 1091 3958 non
1105 3882 1230 3958 ¹cncidit

125 3995 188 4082 nihi,
214 4004 267 4068 sed
298 4003 383 4066 inter
412 4002 625 4086 philosophos
656 4003 835 4067 reddendus
869 4001 943 4067 est'.
994 4001 1044 4065 Ex
1073 4001 1229 4066 Romanis

125 4109 272 4175 ueteribus
296 4112 317 4190 ξ
342 4110 384 4173 85
399 4132 445 4193 sq.
470 4108 698 4192 septem'epici
722 4115 837 4192 poetae
865 4112 1097 4174 memorantur:
1121 4106 1229 4190 Virgi-

125 4212 160 4279 ius
179 4237 245 4281 cum
269 4216 413 4281 Homero
436 4216 585 4299 collatus,
608 4215 726 4298 Macer,
749 4215 927 4298 Lucretius,
942 4215 1047 4279 Varro
1063 4213 1229 4297 Atacinus,
1254 4260 1259 4267 -

177 4444 200 4512 'l
223 4444 311 4499 Decet
328 4462 399 4498 unus
416 4444 606 4514 Pythagoras,
626 4461 709 4512 quem
728 4443 954 4515 praetermissum
974 4459 1055 4497 nemo
1073 4440 1228 4501 mirabitur.
