2924 5046
156 301 223 364 .ἳέ
345 312 348 317 ·
579 314 627 360 nu
650 315 685 359 iu
708 310 881 361 introsus

158 460 242 523 ieeto
272 480 312 522 eo
341 458 417 521 libri
448 479 583 522 numero
611 457 668 540 qui
697 455 739 519 ad
768 478 850 539 opus
879 455 1067 520 universum
1096 472 1184 519 mv
1210 454 1311 518 libr

158 565 426 649 eomprehensurn
442 580 578 648 speetat,
595 563 729 643 tametsi
742 574 896 646 quattuor
909 561 952 625 ab
965 562 1062 627 initio
1075 560 1153 626 libri
1171 560 1311 625 minin

159 688 236 737 sunt
258 672 300 736 ad
322 669 512 736 Ciceronem
535 672 658 754 scripti

698 867 773 946 ss.

246 991 392 1056 Primum
421 1004 532 1055 autern
558 992 667 1056 laeum
688 1011 741 1054 res
762 990 835 1074 ipsa
857 991 1003 1076 loquitur
1023 994 1258 1078 grammatic
1277 1006 1311 1051 a

158 1097 339 1163 Varronem
367 1121 441 1163 eum
469 1099 604 1183 reliquis
630 1097 816 1163 auctoribus
844 1099 996 1163 omnibus
1018 1099 1190 1185 tribuisse.
1237 1098 1311 1175 (Γ

132 1205 243 1271 :libro
261 1205 358 1269 laeile
375 1205 573 1288 perspicitur
590 1204 684 1268 illurn
701 1210 869 1289 tamquam
888 1204 1081 1290 qmbusdam
1099 1206 1281 1271 hneamen
1294 1219 1311 1231 ⁴

160 1334 233 1376 eam
256 1320 360 1377 artem
383 1313 605 1393 adumbrasse,
627 1331 724 1394 quum
741 1310 873 1374 uberius
892 1332 965 1374 eum
983 1311 1018 1374 in
1037 1329 1125 1375 mv
1143 1313 1182 1376 de
1199 1312 1311 1396 liefr

159 1420 261 1483 latina
284 1419 388 1502 libris,
409 1424 480 1482 turn
503 1419 552 1482 eis
575 1417 668 1482 libris
690 1426 877 1502 persecutus
900 1423 950 1481 est
973 1439 1054 1501 quos
1076 1419 1114 1483 de
1137 1418 1250 1503 lirryua
1283 1413 1311 1477 i

160 1528 229 1589 lina
252 1526 304 1590 rel
327 1525 437 1608 potius
459 1526 497 1590 de
517 1545 656 1590 semiana
677 1524 776 1589 latura
796 1526 841 1589 ad
855 1524 1042 1589 Marullum
1066 1524 1207 1609 scripsit
1244 1519 1311 1592 E*

160 1632 275 1696 desunt
298 1631 522 1696 l'arronianae
550 1631 718 1695 doetrinae
746 1636 854 1695 certae
882 1630 969 1714 apud
990 1632 1191 1715 posteriores
1215 1633 1311 1698 dis·

160 1739 323 1823 plinarurn
347 1740 520 1822 scriptores
543 1754 649 1803 notae.
693 1736 837 1801 Isidorus
864 1735 990 1800 eniml
1022 1758 1048 1802 a
1080 1738 1101 1802 3
1128 1733 1311 1821 primiani

161 1847 209 1911 ait
227 1847 451 1928 prauuualieae
471 1847 551 1910 artis
573 1845 693 1910 litterae
713 1864 886 1909 emururrues
907 1845 1057 1922 esistunt,
1083 1866 1163 1927 auae
1186 1846 1311 1911 larua

159 1957 189 2017 et
218 1952 416 2017 ealeulalores
450 1955 628 2034 semaraim.
668 1970 803 2033 quamm
838 1952 1004 2034 disciplina
1038 1952 1120 2016 relat
1157 1955 1311 2034 peraeta

157 2060 381 2141 pramumtieae
402 2059 482 2123 artis
505 2059 647 2137 infautia
668 2061 721 2134 est,
742 2057 823 2121 aride
840 2063 870 2120 et
885 2077 955 2121 eam
974 2056 1075 2123 Varro
1092 2059 1311 2126 litteratiori:

160 2171 255 2230 uocat.
301 2164 445 2240 Quocum
473 2163 660 2229 conferendi
683 2163 886 2248 Augustinus
913 2163 953 2228 de
980 2163 1048 2228 ord.
1070 2163 1118 2247 Π,
1141 2166 1204 2231 35:
1237 2183 1311 2232 m·

161 2276 205 2336 est
228 2271 285 2335 illa
302 2271 504 2336 librariorum
521 2276 550 2335 et
566 2271 760 2336 urlearlomrm
772 2273 923 2354 professio
940 2271 1021 2336 velut
1035 2273 1190 2354 praedam
1206 2290 1311 2357 pra·

163 2379 294 2442 matieae
318 2379 464 2457 infautia,
484 2398 580 2460 quam
604 2376 704 2443 Varro
727 2378 941 2444 litterationem
959 2384 1063 2444 meat:
1082 2400 1192 2462 praere
1209 2385 1311 2446 aute:

162 2484 310 2566 pearata
332 2485 510 2567 appelletur,
536 2504 600 2548 aaa
626 2486 704 2549 satis
727 2486 761 2548 iu
778 2488 956 2567 praeseutia
978 2486 1090 2561 reoalo;
1124 2484 1274 2553 Mareian

163 2590 211 2654 Ill
244 2613 275 2673 p.
307 2591 364 2673 50,
395 2591 452 2655 ubi
479 2589 577 2654 verba
605 2590 727 2655 faciens
754 2589 973 2656 Grammaties
1001 2591 1073 2656 biae
1102 2591 1214 2675 inquit
1235 2611 1311 2658 m·

163 2696 316 2762 Rmuulus
345 2696 538 2761 litteraturae
566 2717 677 2761 neuma
705 2697 881 2779 adscripsit,
912 2699 1053 2779 armareis
1084 2698 1239 2777 imitatem
1265 2716 1311 2762 r-

165 2802 379 2867 litterationem
401 2803 529 2866 eoluerit
552 2822 744 2883 uuueupare,
765 2804 844 2866 siuet
864 2804 950 2884 apud
972 2801 1105 2868 Graeaos
1127 2825 1311 2888 γραμμα-

165 2906 260 2992 arturi
276 2911 426 2991 primitus
438 2908 619 2984 recitabam.
632 2906 738 2990 Asper
752 2905 899 2972 Putsehii
913 2930 943 2991 p.
957 2909 1056 2973 1725:
1078 2931 1175 2992 auam
1189 2910 1311 2998 (gra-

166 3014 335 3100 maticam)
362 3016 521 3082 Terentius
543 3016 636 3080 etiam
664 3015 764 3079 Varro
780 3017 922 3098 primum
944 3020 980 3079 ut
1000 3015 1101 3081 adhue
1123 3020 1234 3085 rudem
1255 3037 1311 3103 ρ

159 3123 310 3205 pellatam
344 3142 407 3187 esee
441 3122 517 3186 elisit
547 3121 753 3186 litteraturam
760 3142 771 3197 ;
808 3120 932 3185 Marius
956 3120 1145 3188 Victorinus
1168 3125 1311 3190 aiusdffi

167 3253 197 3312 p.
221 3229 306 3293 2451
332 3226 448 3313 (Gaisf.
471 3227 565 3293 Matr.
588 3251 618 3312 p.
642 3226 692 3313 2):
723 3233 760 3292 ut
787 3228 922 3292 Varroni
944 3229 1058 3313 placet,
1080 3252 1136 3296 ars
1154 3254 1311 3315 premas·-

168 3336 238 3416 tieu‚
260 3355 338 3416 quae
360 3355 382 3398 a
402 3335 491 3400 uobis
513 3335 688 3400 litteratma
710 3335 833 3412 dieitur,
855 3336 982 3399 ser'eruia
1004 3341 1048 3400 est
1069 3357 1177 3401 aarum
1192 3358 1311 3421 φακε-

164 3440 275 3522 poetis,
307 3439 460 3506 ituraea
486 3441 717 3523 oratoribusque
742 3441 887 3505 dimittar
908 3462 946 3506 er
962 3447 1055 3524 parte
1077 3444 1202 3509 maiore
1247 3440 1311 3510 εἰ

162 3548 335 3631 praecipua
356 3548 461 3628 officia
482 3552 556 3612 arent
577 3552 730 3629 qrrattuor,
759 3552 795 3612 ut
817 3549 878 3630 ipsi
898 3548 1013 3632 plaeet,
1039 3549 1182 3635 seribere,
1211 3552 1311 3636 lep?

171 3654 350 3737 iutelleyera
367 3650 543 3738 proeaees)
590 3653 699 3738 Amne
726 3654 807 3720 haee
836 3655 946 3718 omnia
971 3655 1033 3719 etsi
1057 3661 1174 3739 suapte
1196 3663 1311 3723 natr-

169 3761 249 3825 talia
272 3766 361 3844 sunt,
389 3760 497 3844 qualia
520 3759 685 3844 potuerint
708 3763 807 3825 etiam
830 3761 865 3825 in
887 3761 1053 3825 alterutris
1076 3764 1113 3827 cle
1135 3763 1247 3847 limata
1266 3756 1311 3829 ἶ

170 3870 237 3932 tina
260 3866 353 3931 libris
377 3866 526 3950 tractari,
554 3871 665 3931 tamen
693 3867 799 3931 omnis
828 3866 866 3931 de
894 3867 1052 3953 singulari
1080 3874 1311 3936 commentat

170 3973 330 4037 dubitatio
354 3973 545 4057 planissimo
569 3973 754 4038 testimonio
778 3978 973 4059 removetur,
1001 3975 1087 4060 quod
1111 3998 1128 4041 a
1152 3976 1215 4043 Gn.
1235 3974 1311 4045 0:

260 4148 286 4217 ⁸)
305 4147 336 4201 ln
356 4147 413 4203 alio
432 4148 519 4219 igitur
538 4149 609 4203 libra
628 4149 697 4203 haec
716 4149 809 4218 posita
827 4148 882 4204 fuit
901 4148 1026 4205 eiusdem
1044 4149 1178 4207 Varronis
1194 4146 1311 4223 puli·

171 4238 207 4292 ad
230 4253 393 4307 graecorum
416 4239 574 4308 exemplum
593 4237 790 4309 magistrorum
810 4238 995 4294 conformata:
1018 4240 1196 4310 Μ
1209 4230 1311 4295 affl-

171 4331 202 4378 ut
221 4325 318 4379 asserit
342 4324 444 4391 Varro,
468 4331 594 4381 eorutarrt
616 4327 649 4380 iu
666 4326 797 4394 partibus
814 4330 958 4396 quattuor,
981 4326 1166 4385 routmu-

172 4414 364 4482 rmmdatioue,
381 4415 494 4471 iudicia.
531 4415 662 4472 Testatur
678 4413 828 4471 Diomedes
843 4414 873 4471 11
888 4432 918 4489 p.
934 4418 984 4473 θ’
