2924 5046
506 345 762 394 noe1snosic1s.
1140 333 1206 398 405

221 489 266 569 [h.
289 511 316 551 e.
351 467 469 552 Reium
503 488 699 569 clivuiarum]
732 491 769 553 de
800 491 885 554 cultu
917 494 1042 556 (lennem
1073 494 1205 573 scripsit.

218 594 297 658 Ibid.
322 618 347 659 e.
369 597 425 659 34:
448 597 534 678 apud
555 597 682 660 eundem
713 597 882 661 Varronem
904 599 940 661 in
963 597 1040 663 libro
1063 600 1099 663 de
1121 600 1205 663 cultu

218 702 352 766 deerunt.
1109 727 1111 731 ’

146 805 186 872 V.
218 807 403 872 Macrobius
428 806 495 873 Sat.
517 808 580 891 Ill,
606 809 661 873 14:
700 811 799 875 Vurro
827 813 862 875 in
891 812 1059 894 lopistcrico
1082 813 1136 894 qui
1160 814 1204 876 iu·
1268 800 1282 833 ⁶

216 916 363 980 scribitur
379 914 532 980 Marius
553 914 594 980 dc
610 916 776 996 fortuna.
810 915 1045 983 ScholVeron.
1060 918 1093 981 in
1107 917 1204 1003 Verg.

217 1023 295 1086 Aen.
311 1021 384 1107 Vll,
408 1024 487 1088 681:
516 1023 616 1087 Varro
631 1073 637 1086 .
654 1072 660 1086 .
676 1074 683 1087 .
699 1024 776 1088 libro
798 1025 852 1105 piei
874 1025 1053 1089 inscribitur
1075 1023 1204 1089 Marius

216 1134 271 1193 urit
292 1131 329 1194 dc
349 1131 487 1211 fortuna.

160 1235 198 1298 llx
219 1236 270 1299 bis
294 1236 451 1320 exemplis
475 1240 526 1299 sat
550 1239 638 1299 certa
658 1236 785 1300 videtur
804 1237 988 1301 coniectura
1007 1237 1045 1301 de
1065 1239 1104 1301 iis
1124 1239 1202 1319 fieri,

110 1339 181 1423 suibus
201 1364 373 1425 suppresso
396 1343 638 1425 lopistcricorurn
660 1343 792 1407 nomine
821 1343 892 1407 libri
914 1347 1042 1408 tamtum
1066 1345 1203 1410 binomi-

110 1467 141 1509 us
155 1453 440 1532 commemorantur,
464 1449 560 1532 plane
579 1453 616 1512 ut
634 1471 654 1512 a
669 1446 847 1515 Censorino
865 1450 987 1514 laetum
1006 1450 1041 1515 in
1056 1450 1202 1536 boglll,

110 1551 338 1638 telergiliane
356 1554 533 1638 interprete
552 1555 586 1619 in
600 1554 640 1620 V.
664 1554 788 1631 Quibus
812 1557 924 1619 statim
948 1557 1005 1621 illa
1028 1557 1202 1641 iungimus,

110 1677 152 1719 eun
167 1661 251 1724 etiam
275 1661 406 1726 brevius
429 1683 487 1726 nee
511 1662 701 1745 topr'storicus
724 1683 783 1725 nee
807 1662 1029 1746 interdicitur,
1053 1662 1108 1727 sed
1132 1664 1202 1747 ipsa

110 1763 196 1842 genna
214 1767 383 1851 inscriptio
406 1766 540 1851 ponitur
562 1766 603 1832 nd
627 1764 871 1834 'similitudinem
896 1766 996 1832 Nonii
1019 1767 1053 1831 in
1077 1767 1155 1853 Log.
1177 1767 1202 1832 Ι.

148 1868 186 1935 Vl.
217 1871 412 1938 Censorinus
435 1873 475 1938 de
498 1873 550 1937 die
572 1879 640 1938 nat.
664 1896 733 1957 cup.
751 1876 787 1938 2:
817 1874 916 1938 Varro
939 1875 974 1937 in
996 1895 1029 1938 co
1052 1874 1129 1938 libro
1152 1877 1202 1938 cui

217 1981 324 2044 titides
350 1985 394 2044 cst
420 1980 571 2044 Atticus
597 1984 626 2043 et
651 1984 696 2044 est
725 1979 759 2060 [f.
782 1985 810 2043 ct
834 1981 917 2044 intus
941 1979 1013 2044 coll.
1036 1979 1114 2065 Log.
1138 1979 1200 2062 Ill]

215 2087 253 2150 de
275 2087 450 2149 inumeris.
483 2085 685 2168 Quamquam
706 2085 744 2149 de
763 2085 824 2150 hoc
843 2090 1034 2171 argumento
1054 2090 1091 2150 ut
1109 2088 1201 2152 valde

217 2192 399 2257 dubitemus
423 2191 548 2256 faciunt
571 2214 652 2276 qnae
676 2196 866 2275 sequuntur:
892 2193 925 2256 id
941 2194 1037 2258 inuris
1057 2195 1201 2258 instituti·
1214 2215 1235 2254 v

216 2320 269 2381 pre
286 2301 420 2363 rruae‘cres
436 2301 536 2363 nostri
554 2303 722 2382 tenuerunt,
740 2303 784 2380 nt,
802 2321 871 2363 curn
889 2301 938 2363 die
950 2301 1052 2364 netuli
1070 2322 1201 2366 rnunus

147 2389 151 2409 ¹
217 2407 328 2469 cuncte
356 2407 446 2488 penio
476 2406 635 2484 solverent,
670 2426 799 2469 uranum
826 2427 847 2469 a
874 2408 962 2471 cuein
988 2429 1025 2470 uc
1050 2409 1201 2489 suupuine

218 2512 401 2576 abstinerent
427 2534 453 2577 e.
477 2534 508 2596 q.
531 2534 555 2577 s.
602 2511 725 2588 Quibus
748 2512 857 2576 verbis
881 2513 984 2577 multo
1008 2513 1198 2577 convenim-

217 2618 332 2682 tiorem
361 2639 431 2682 esse
459 2623 595 2702 apparet
618 2617 755 2683 Aldinae
785 2618 979 2701 scripturum
1008 2620 1049 2683 dc
1077 2640 1199 2682 uerrere-

218 2723 329 2802 ribus,
354 2725 422 2788 sive
445 2745 483 2788 ea
507 2747 524 2789 e
547 2724 710 2789 codicibus
735 2724 841 2807 petita
860 2728 910 2788 est
929 2723 996 2787 sive
1016 2724 1200 2788 coniectura

217 2829 353 2895 iuventa
391 2829 454 2895 Sed
477 2829 642 2893 Ausonius
668 2829 790 2913 Popma
814 2830 899 2913 quod
923 2828 1028 2893 voluit
1050 2832 1199 2896 articulus

216 2958 270 3018 pro
294 2936 426 3014 Atticus,
450 2958 487 3000 eo
511 2935 593 2999 nihil
617 2937 808 3019 perversius.
834 2973 874 2981 -
906 2933 981 3000 Non
1005 2940 1113 3000 autem
1136 2938 1199 3002 huo

217 3043 357 3126 pertinet
380 3042 557 3128 Augustini
581 3043 636 3126 qui
659 3041 742 3105 falso
767 3042 869 3106 fertur
892 3042 1131 3126 testimonium,
1159 3043 1198 3107 de

216 3150 429 3235 grammatica
443 3146 473 3232 p
483 3149 579 3232 2008,
592 3149 634 3212 47
652 3147 698 3212 P.:
720 3148 818 3212 Varro
832 3149 867 3212 iu
882 3148 969 3213 libras
983 3170 1198 3214 uurircrcrum:

217 3257 268 3321 ubi
288 3257 352 3322 etsi
371 3255 595 3341 corrigendum
620 3277 690 3318 esse
714 3255 791 3319 libro
814 3260 977 3339 putamus,
999 3260 1109 3320 tamen
1132 3280 1197 3321 nou

124 3383 126 3387 ·
217 3362 438 3448 logistoricum
466 3362 542 3445 dici,
570 3361 626 3424 sed
654 3384 754 3425 unum
783 3384 800 3426 e
824 3361 1076 3445 Disciplinarum
1104 3364 1196 3428 libris

216 3469 440 3552 Vennonianis,
463 3468 541 3532 alibi
565 3467 859 3532 demonstrabimus
885 3471 927 3547 [v.
947 3491 1045 3551 supra
1063 3492 1093 3551 p.
1108 3472 1196 3551 3621.

139 3560 187 3635 Vll.
216 3575 339 3639 Gellius
362 3574 454 3658 Xlll,
477 3576 512 3638 4:
549 3576 584 3638 in
612 3575 689 3638 libro
719 3574 868 3639 Varronis
890 3576 944 3655 qni
966 3576 1132 3657 riennes
1154 3581 1198 3639 est

216 3681 358 3746 Orestes
380 3681 487 3746 uelde
509 3683 674 3745 insanio.

127 3768 185 3845 llll
214 3786 299 3852 Idem
323 3786 514 3870 xvl1‚118:
551 3787 599 3852 M.
630 3788 728 3851 Varro
760 3789 792 3851 in
821 3787 898 3852 libro
926 3808 1014 3868 quern
1042 3788 1198 3869 inscripsit

216 3894 304 3959 Pius
326 3899 383 3957 aut
403 3896 443 3958 de
459 3915 558 3976 pecc.

150 3985 189 4058 ll
216 3998 301 4065 Idem
315 3999 404 4084 XVI,
418 4001 453 4065 9:
475 4000 523 4065 Μ.
545 4000 643 4064 Varro
665 4003 700 4064 iu
719 4000 878 4064 Sisenna
900 4000 946 4063 uel
968 4001 1008 4063 dc
1025 3998 1196 4063 historio.

159 4091 187 4162 K
214 4103 336 4171 Nonius
349 4129 379 4190 p.
395 4108 508 4189 1222:
533 4107 632 4171 Varro
647 4086 772 4188 Puppe
791 4111 847 4169 unt
866 4108 930 4186 [dc]
947 4107 1195 4187 iudipclntial.

218 4210 266 4277 Sic
287 4213 377 4278 enim
399 4213 557 4278 librorum
580 4236 657 4278 mss.
679 4213 819 4297 vestigia
841 4212 924 4275 haud
950 4213 1058 4294 paullo
1081 4213 1196 4295 proba-

218 4316 310 4385 bilius
338 4320 489 4405 supplere
516 4320 661 4384 videmur
689 4341 785 4404 quam
809 4341 880 4382 cum
904 4317 1049 4401 Ausonio
1073 4317 1196 4404 Popmu

216 4424 522 4515 &indipitnmtis
