2924 5046
407 320 646 381 qvnnsrrorns
670 319 1006 368 ouonnronooronu.
1211 302 1275 365 849

114 486 188 529 civ:
226 468 294 528 tum
326 485 366 527 no
396 485 503 526 carere
531 463 659 546 quidem
685 465 815 526 Μοιαῑιν
844 462 1061 545 appellatione
1088 461 1137 524 vol
1167 462 1200 522 in
1224 460 1275 523 his

112 592 305 651 possumus
329 568 392 632 Vll
417 591 446 651 p.
470 569 549 632 303:
577 569 628 631 καὶ
658 572 717 632 νῦν
740 568 879 632 οἰκοῦιιν
903 567 1012 630 αὐτόθι
1036 566 1065 629 οἱ
1086 567 1199 630 Mortui
1223 586 1275 629 κα-

110 678 297 755 λούμενοι,
324 678 396 756 ἤτοι
419 677 469 740 καὶ
492 680 558 739 τῶν
581 674 741 753 πρότερον
765 676 850 739 οὕτω
876 676 1095 755 καλουμένων,
1119 674 1155 737 ἐν
1179 675 1213 736 δὲ
1238 679 1275 756 τῇ

108 779 216 865 Ἀείᾳ
234 785 352 848 Μυιῶν
375 783 684 861 μετονομαεθέντων,
707 784 726 860 ἢ
747 832 819 844 ....
844 785 910 845 τῶν
929 783 965 844 ἐν
983 787 1021 864 τῇ
1037 782 1142 863 Θρᾴκῃ
1159 781 1277 843 Μυεῶν

107 892 343 969 καλουμένων
367 889 539 967 πρότερον,
563 889 614 951 vel
639 889 672 950 in
696 887 760 950 illis
784 888 838 951 lib.
857 886 919 950 Xll
944 909 973 969 p.
996 886 1061 949 542
1085 886 1167 949 init:
1192 884 1275 964 εἴρη-

101 1012 171 1055 ται
210 993 246 1058 δ’
279 993 327 1058 ὅτι
356 996 405 1058 καλ
434 994 524 1059 αὐτοὶ
552 994 582 1057 οἱ
607 994 708 1057 Μυεοὶ
732 995 868 1075 Θρᾳκῶν
897 992 1023 1057 άιιοικοί
1051 993 1106 1057 εἰει
1129 996 1195 1055 τῶν
1218 997 1277 1056 νῦν
1348 1060 1356 1073 ‚

100 1099 319 1179 λεγομένων
334 1102 472 1163 Μοιιῶν.
510 1097 598 1174 Quae
619 1099 645 1161 si
665 1098 711 1162 ita
731 1104 815 1181 sunt,
837 1099 918 1162 nihil
939 1104 988 1163 est
1008 1120 1063 1162 our
1081 1098 1120 1161 de
1139 1098 1277 1161 veritate

99 1203 197 1268 eius
235 1206 468 1271 emendationis
500 1204 679 1284 dubitetur,
712 1228 807 1287 quam
842 1206 947 1270 verbis
977 1205 1032 1269 lib.
1062 1203 1124 1269 Vll
1152 1228 1181 1287 p.
1211 1205 1275 1267 296

95 1304 253 1376 Comes
279 1312 441 1376 adhibuit:
466 1317 534 1376 δεῖν
558 1314 593 1374 δὲ
618 1311 756 1394 (λέγειὸ
775 1313 1004 1392 nocentior)
1023 1314 1124 1393 ἐντῷ
1143 1332 1275 1389 τριακαι-

93 1414 256 1501 δεκάτιμ
280 1418 418 1497 γράφειν
441 1417 511 1483 ἀντὶ
534 1421 592 1481 τοῦ
616 1420 756 1481 «Mutetur
779 1416 811 1479 τ’
834 1417 1049 1495 ἀγχεμάχων»
1074 1419 1221 1483 «Μοιιῶν
1244 1416 1277 1480 τ’

10 1528 12 1532 '
96 1514 365 1602 ἆγχεμάχωννε
398 1524 462 1588 nisi
490 1524 544 1608 qui
572 1522 657 1586 forte
682 1526 817 1587 ltrrtrdrv
840 1522 871 1586 τ’
894 1523 1085 1602 ἀγχεμάχων
1108 1523 1142 1586 in
1165 1510 1277 1586 Iliadis

94 1619 212 1691 XIII
238 1652 334 1695 versu
359 1631 379 1694 5
403 1630 541 1712 probare
563 1650 636 1692 euru
654 1627 782 1711 Heynio
806 1629 947 1692 animum
971 1629 1142 1692 induxerit.
1186 1629 1275 1713 Ergo

90 1726 255 1799 Moesta
288 1735 427 1799 formum
454 1734 519 1797 iam
544 1733 737 1797 Posidonius
765 1735 869 1798 novit:
903 1735 986 1797 unde
1014 1735 1215 1819 intellegitur
1242 1735 1275 1798 id

89 1851 233 1913 genus
267 1842 334 1905 ium
365 1841 505 1924 septimo
538 1841 579 1903 ab
609 1863 638 1903 u.
666 1861 691 1904 ο.
722 1841 848 1904 saeculo
882 1841 1069 1924 invaluisse,
1102 1842 1277 1924 eodemque

89 1945 349 2016 probabiliter
377 1945 535 2010 conicitur
563 1968 635 2009 cunr
663 1945 737 2010 aliis
762 1946 887 2028 multu,
916 1969 996 2030 quae
1021 1947 1061 2011 ub
1086 1947 1156 2029 ipso
1180 1951 1277 2029 poeto

88 2051 279 2121 profecta
303 2076 368 2118 non
392 2057 480 2134 sunt,
508 2052 607 2115 etiam
630 2053 870 2116 Antonroooides
893 2053 1087 2136 scripturam
1112 2053 1144 2116 in
1169 2053 1277 2116 Plauti

88 2161 332 2244 exemplaria
354 2162 502 2223 intrasse.

222 2285 343 2349 Verum
369 2282 449 2346 satis
472 2286 523 2345 ost
544 2304 712 2365 nugarum,
736 2306 929 2367 quamquam
954 2285 987 2347 in
1010 2307 1126 2365 gorroro
1146 2308 1209 2350 non
1229 2287 1276 2349 in-

89 2372 300 2455 fructuoso
324 2410 491 2472 nugarum.

223 2832 271 2912 [E
303 2832 552 2915 praefatione
580 2833 757 2897 Decadis:
791 2832 895 2909 ‘Quae
923 2856 951 2915 p.
981 2833 1028 2896 lll
1053 2835 1212 2918 [3l21sq.
1240 2835 1278 2898 de

90 2914 311 3002 Stratonos
334 2941 385 3003 vel
410 2939 509 3024 (quod
532 2939 619 3002 haud
644 2941 709 3004 seio
730 2963 770 3004 an
790 2937 947 3024 praestet)
966 2939 1130 3003 Strohrlorr
1148 2941 1278 3004 nomine

95 3018 273 3108 disserui
297 3066 408 3109 eorum
436 3067 595 3109 summurn
619 3045 845 3110 Fleckeisenns
873 3069 922 3108 ure
947 3045 1072 3109 monuit
1095 3069 1114 3108 a
1137 3046 1278 3130 Bergkio

93 3144 326 3231 ‘meapham
346 3173 417 3216 esse
435 3151 469 3215 in
486 3150 575 3214 Dior.
594 3152 695 3235 antiq.
715 3153 797 3216 stud.
816 3175 844 3215 α.
866 3153 950 3215 1848
969 3175 999 3234 p.
1023 3152 1120 3216 1126:
1144 3153 1175 3215 id
1195 3153 1279 3235 quod

98 3235 257 3320 oblitus
290 3278 388 3321 eram.
417 3295 459 3304 -
487 3257 521 3321 P.
551 3257 597 3322 Vl
622 3258 713 3339 [346]
740 3280 807 3342 sqq.
841 3259 1033 3342 explicatam
1066 3265 1085 3320 ῦ
1117 3261 1214 3336 ψιλοῦ
1248 3262 1282 3321 et

100 3333 258 3428 latirrue
286 3365 320 3429 οῖ’
342 3361 539 3447 diphthongi
563 3364 806 3448 congruentium
830 3365 1048 3447 exemplorum
1073 3363 1280 3427 multitudine

105 3465 137 3564 ‘³-
174 3471 337 3535 codicum
370 3491 445 3534 mss.
478 3469 634 3533 memoria
668 3469 843 3551 petitorum
877 3470 1071 3534 ltihheehius
1106 3472 1137 3532 in
1172 3469 1280 3533 Fleck-

109 3570 239 3638 ⁰¹⁸enj
261 3577 379 3640 Annul.
402 3581 426 3640 t.
448 3574 585 3639 LXXVI
604 3573 720 3659 (1857)
744 3598 774 3657 p.
798 3577 862 3640 310
882 3599 950 3659 sqq.
974 3576 1189 3639 confirmavit:
1213 3575 1281 3657 qui·

110 3653 186 3733 bus
227 3681 310 3746 udde
337 3682 379 3746 ab
402 3681 516 3746 Iahnio
540 3687 790 3746 commemoratu
814 3684 885 3746 Aet.
909 3704 971 3746 soc.
996 3681 1068 3745 Sax.
1094 3704 1120 3744 a.
1143 3680 1225 3743 1857
1251 3703 1282 3762 p.

112 3760 194 3840 ⁴204
215 3807 277 3870 sq,
298 3789 377 3853 item
400 3810 421 3852 a
443 3787 590 3852 Vahleno
614 3788 708 3853 Anal.
732 3788 814 3853 Non.
838 3812 867 3872 p.
891 3790 931 3852 37
957 3787 1055 3866 adn’]
