2924 5046
367 372 445 421 mvn
469 372 717 421 nannonanvn
742 374 846 422 111111.
1110 359 1172 425 511

114 514 156 580 ius
177 514 228 579 ΙΠ
257 536 283 580 o.
309 517 351 580 10
379 502 547 601 excerpsit.
598 516 785 600 Eodemque
809 515 847 581 0.
868 515 1003 581 Iahnius
1028 517 1060 583 111
1083 519 1175 583 Actis

114 627 149 687 et
176 621 294 688 Saron.
323 645 351 686 a
378 623 463 687 1850
489 646 520 707 p.
547 626 610 689 140
638 623 709 687 adn.
735 624 776 687 72
805 623 863 687 illa
890 624 1063 708 referebat,
1095 648 1176 708 quae

114 729 298 815 maginibus
327 730 506 814 generatim
536 730 683 814 exposita
701 729 835 794 'Plinius
865 753 885 794 a
912 733 932 810 ξ
960 731 982 794 4
1010 730 1050 794 ad
1084 734 1104 811 ξ
1135 732 1175 794 16

114 836 233 919 eripsit:
270 859 407 922 quorum
439 841 548 901 tamen
580 841 707 920 partem
741 837 787 901 eis
819 836 928 920 potius
962 837 1174 920 scriptoribus

114 941 197 1025 11111,
230 943 286 1026 qui
318 943 352 1008 in
380 946 549 1009 auctorum
584 943 689 1007 indice
721 942 797 1007 libri
825 941 948 1007 XXXV
979 945 1175 1027 praecedunt

114 1047 260 1114 Varronis
287 1071 420 1114 nomen:
451 1048 609 1115 Messalae
637 1050 778 1133 utrique,
811 1048 1026 1133 Fenestellae,
1053 1051 1173 1117 Attico.

114 1177 162 1219 1111
194 1155 452 1240 quattuordecim
486 1157 540 1241 qui
568 1161 695 1222 restant
726 1156 884 1221 librorum
912 1179 1064 1222 numerus
1093 1160 1173 1223 satis

114 1283 131 1324 s
161 1262 323 1328 ridebitur
354 1265 483 1327 centum
514 1262 770 1327 hebdomadibus
802 1262 989 1346 capiendis?
1039 1264 1175 1341 Qualem
1193 1287 1213 1326 v
1326 1313 1328 1316 .

114 1366 293 1433 ibationem
317 1372 453 1452 apparet
470 1390 536 1433 non
556 1367 621 1432 alia
639 1367 765 1433 ratione
783 1370 911 1434 institui
934 1371 1087 1454 potuisse,
1109 1372 1173 1437 nisi

114 1479 148 1539 ut
174 1479 324 1561 septenas
347 1475 567 1540 hebdomadas
590 1474 747 1539 tredecim
773 1476 848 1540 libri
876 1478 1174 1561 complecterentur,

114 1602 148 1646 m
170 1587 345 1667 extremus,
372 1587 431 1648 aut
452 1587 602 1667 septenas
631 1582 707 1646 libri
735 1582 916 1667 duodecim,
945 1584 1008 1649 duo
1032 1589 1173 1669 octonas,

114 1687 247 1772 denique
271 1694 423 1774 septenas
447 1689 567 1774 singuli
595 1689 671 1753 libri
699 1689 969 1773 quattuordecim,
1000 1691 1080 1755 duas
1104 1692 1173 1775 ipse

114 1817 152 1859 us
171 1816 243 1861 cum
263 1795 538 1880 disputationibus
556 1794 731 1881 isagogicis
751 1797 999 1883 conglutinatas.
1032 1797 1078 1862 At
1096 1819 1172 1863 vero

114 1921 144 1965 111
166 1901 250 1966 nihil
270 1907 321 1967 est
344 1902 428 1987 quod
448 1903 515 1967 ulla
536 1902 778 1986 probabilitatis
798 1904 904 1988 specie
924 1902 1172 1968 commendetur.

114 2008 347 2092 requabilitatis
366 2009 658 2093 concinnitatisque
681 2011 716 2074 in
738 2009 947 2094 disponendis
972 2010 1173 2095 argumentis

114 2114 419 2180 sstudiosissimum
436 2114 617 2180 Varronem
636 2120 705 2180 tam
724 2117 774 2180 sui
793 2114 983 2181 dissimilem
1002 2116 1173 2201 quisquam

114 2220 322 2304 persuadebit
341 2222 374 2286 in
392 2220 444 2285 his
468 2223 673 2306 potissimum
694 2223 787 2287 libris
807 2222 962 2304 extitisse,
985 2223 1103 2307 quibus
1122 2223 1173 2287 vel

114 2347 146 2392 en
168 2352 188 2393 a
209 2348 417 2392 numerorum
441 2330 609 2413 ευμμετρίᾳ
632 2329 778 2394 inderet?
802 2331 891 2395 euius
904 2329 1086 2417 *mirificum
1109 2329 1173 2393 dis·

114 2435 219 2499 endae
246 2435 402 2500 materiae
431 2436 601 2501 artificium
628 2459 701 2501 curn
725 2437 978 2519 Antiquitatium
1006 2437 1173 2502 volumina

114 2538 141 2625 ²)
159 2544 320 2606 testentur
339 2545 409 2607 turn
427 2543 490 2627 ipsi
510 2542 548 2606 de
568 2542 680 2628 lingua
699 2544 802 2608 latina
821 2544 898 2609 libri
912 2542 1016 2616 XXV:
1036 2565 1172 2627 quorum

114 2647 238 2712 tionem
256 2647 361 2712 Musei
383 2648 464 2732 phil.
488 2671 518 2731 p.
533 2650 598 2714 506
614 2649 726 2714 11525
741 2672 808 2734 sqq.
829 2651 941 2733 [supra
954 2672 984 2733 p.
998 2650 1073 2713 444.
1091 2649 1171 2729 464]

114 2776 176 2818 nur
189 2759 241 2818 sat
254 2754 343 2819 clara
360 2756 395 2820 in
413 2756 483 2820 luce
503 2757 658 2841 posuisse.
686 2755 772 2820 Nam
787 2756 848 2838 his,
868 2778 947 2840 quos
966 2755 1082 2820 ultimo
1101 2756 1172 2819 loco

114 2883 174 2944 uus,
198 2862 261 2926 etsi
284 2862 427 2927 nondum
450 2862 545 2926 desiit
563 2862 793 2947 Bemhardyus
812 2861 896 2926 Hist.
915 2861 977 2926 1111.
995 2884 1026 2945 p.
1036 2861 1101 2925 662
1125 2861 1173 2927 ed.

114 2971 232 3032 rantum
244 2968 353 3034 XXIV
368 2969 470 3034 libros
489 2970 640 3054 tribuere,
662 2973 771 3035 tamen
796 2972 860 3053 aut,
883 2968 960 3053 quid
982 2968 1066 3032 inter
1085 2971 1174 3033 certa

114 3075 193 3157 ubia,
217 3098 293 3140 vera
317 3098 354 3140 ae
377 3076 462 3140 falsa
479 3077 619 3160 intersit,
641 3080 769 3140 nosmet
785 3098 826 3140 111
845 3075 1015 3139 didicimus
1034 3074 1173 3159 quidem,

114 3179 139 3246 le
148 3180 243 3245 XXV
254 3182 346 3247 libris
356 3185 505 3266 pertenta
519 3185 757 3268 argumentatio
768 3187 880 3248 nostra
893 3205 958 3247 non
969 3183 1172 3248 coniecturae

114 3289 294 3353 abilitatem
318 3289 431 3371 habet,
454 3290 509 3354 sed
533 3290 819 3356 demonstrationis
842 3290 1079 3354 necessitatem.
1108 3287 1172 3353 Ita·

119 3394 158 3461 de
185 3394 371 3482 Imaginum
398 3396 492 3460 libris
518 3397 582 3460 nisi
610 3397 730 3462 fallunt
758 3399 883 3479 omnia,
916 3396 1053 3482 singulis
1082 3395 1172 3460 libris

114 3524 132 3566 o
165 3506 316 3585 septenes
352 3502 571 3568 hebdomadas
608 3504 696 3568 dedit
731 3503 762 3568 h.
794 3526 819 3568 e.
852 3503 1173 3587 undequinquaginta

114 3609 189 3672 ines
214 3608 371 3692 singulas,
401 3609 551 3674 omnibus
575 3615 683 3675 autem
709 3610 802 3674 libris
827 3607 1084 3694 quattuordecim
1106 3629 1173 3672 non

114 3736 137 3778 11
159 3735 255 3796 quam
274 3712 501 3779 DGLXXXVI
521 3717 677 3800 imagines
695 3715 870 3800 congessit:
891 3737 985 3800 quem
1004 3736 1173 3778 numerum

127 3820 219 3883 finite
255 3821 389 3906 loquens
421 3819 561 3905 Plinius,
599 3823 719 3906 quippe
751 3822 784 3884 in
818 3823 922 3885 solam
954 3820 1172 3885 multitudinis

114 3947 196 3991 »nem
229 3927 385 4011 intentus,
422 3926 578 3993 facillime
614 3929 722 4012 potuit
754 3927 794 3992 ad
827 3928 956 4012 plenam
989 3927 1172 4011 septingen·
1255 3938 1258 3943 ’

114 4057 135 4099 n
161 4055 321 4098 summam
344 4054 476 4119 augere,
500 4057 519 4097 a
542 4057 605 4119 qua
628 4034 683 4098 ille
707 4035 784 4099 satis
809 4056 909 4118 prope
934 4034 1025 4099 afuit.

114 4161 242 4169 ——-

114 4212 123 4279 >
143 4207 198 4262 Hie
216 4225 347 4262 numerus
366 4225 430 4263 cum
448 4209 494 4263 vel
514 4213 610 4263 contra
628 4209 733 4278 duplex
747 4207 875 4277 Catalogi
892 4208 1085 4263 testimonium
1098 4207 1173 4263 XLV

133 4295 279 4368 prodentis
299 4298 432 4351 tutandus
450 4297 550 4365 fuerit,
568 4315 640 4352 nunc
658 4315 744 4351 unum
763 4298 862 4351 saltem
882 4297 1005 4366 evanuit,
1023 4299 1173 4367 postquam

114 4387 173 4443 lice
197 4386 332 4456 scriptum
355 4404 414 4441 esse
438 4389 571 4454 ἐπιτομὴν
597 4386 814 4455 ‘antiquitatum
833 4403 867 4439 ex
886 4385 964 4438 libris
982 4384 1074 4438 XLll'
1100 4401 1173 4438 com·

114 4493 140 4530 m
161 4476 215 4530 est:
235 4474 284 4544 qui
301 4490 433 4529 numerus
452 4476 488 4529 ad
506 4475 654 4529 veritatem
673 4474 799 4544 proxime
818 4473 936 4528 accedit.
