2924 5046
406 332 482 380 siva
506 333 754 380 nnaoonxnvu
777 334 881 381 urani.
1158 316 1220 380 541

106 474 243 539 bemus.
287 473 402 557 Itaque
426 474 552 559 origine
575 477 684 558 potius
708 480 740 539 et
769 480 865 561 gente
893 498 990 559 quam
1013 475 1129 540 Italiae
1153 476 1222 539 fini-

107 602 127 644 s
156 579 319 645 Italorum
343 581 441 645 notio
458 581 700 664 circumscripta
722 582 867 665 putanda
890 583 958 646 erit.
1005 581 1090 646 Vsus
1115 586 1222 646 autern

106 709 113 750 ;
139 686 349 751 Ritsehelius
378 685 418 750 ad
442 709 514 751 eam
538 687 799 751 distributionem
823 687 1077 752 confirmandam
1100 687 1222 752 Valerii

106 794 211 860 eximi
236 794 276 857 ad
291 792 449 859 Varronis
473 795 701 859 auctoritatem
725 815 793 858 sese
817 795 1043 877 componentis
1068 795 1223 877 exemp10,

106 923 169 986 pue
204 905 306 984 recte,
343 902 525 983 praeiverat
562 924 688 985 quoque
722 899 889 964 (tornelius
922 899 1046 984 Nepos,
1083 899 1223 965 Varroni

106 1008 236 1092 qualis,
268 1007 361 1072 libris
391 1009 429 1071 de
459 1008 536 1072 viris
567 1008 750 1073 illustribus
781 1007 911 1091 seriptis
943 1005 996 1093 (cf.
1026 1005 1223 1091 Nipperdey,

106 1116 200 1200 nltg.
240 1138 270 1198 p.
304 1113 398 1178 XVII
423 1114 497 1199 sq),
539 1116 593 1199 qui
631 1138 689 1180 nec
720 1114 880 1179 Datamen
914 1136 973 1178 nec
1005 1113 1222 1178 Hamilcarem

106 1222 357 1304 mnibalemque
381 1221 466 1286 inter
483 1220 624 1286 Graecos
648 1244 826 1286 memorare
851 1220 1004 1284 omiserit.
1043 1218 1103 1283 Sed
1127 1218 1160 1282 in
1185 1241 1222 1283 eo

106 1350 218 1394 accos
250 1350 324 1392 cum
357 1325 512 1391 Romanis
549 1327 736 1391 confercndi
770 1327 891 1409 studio,
928 1349 992 1411 quo
1028 1327 1115 1391 circa
1152 1348 1223 1390 eam

106 1438 220 1499 tatem
249 1454 445 1518 magnopere
473 1433 624 1497 delectati
653 1456 723 1497 esse
751 1434 899 1498 videntur
927 1433 1093 1517 utriusque
1117 1434 1223 1518 gentis

106 1541 265 1624 iptores,
298 1543 419 1622 quanta
450 1543 560 1604 tamen
594 1541 838 1624 inaequalitatis
875 1539 1019 1622 pericula
1056 1539 1223 1603 extiterint

106 1647 233 1711 ¹manis
256 1646 289 1709 iu
313 1646 432 1710 litteris
455 1647 644 1731 artibusque
668 1649 773 1712 miuus
801 1646 998 1731 pollentibus
1026 1644 1103 1730 (qua
1127 1647 1165 1711 de
1189 1668 1222 1710 re
1312 1730 1317 1738 ,

106 1773 214 1836 genus
243 1752 451 1817 confitentem
476 1752 729 1828 Quinctilianum
757 1751 944 1837 habemus),
976 1752 1008 1815 id
1041 1774 1105 1818 non
1138 1753 1224 1836 fugit

106 1858 300 1940 tschelium,
324 1859 379 1942 qui
402 1865 573 1943 propterea
597 1860 764 1943 concessit,
787 1859 966 1923 Varronem
991 1857 1122 1922 Graecis
1146 1858 1221 1921 heb-

106 1964 270 2030 madibus
285 1963 450 2028 Romanas
475 1987 513 2028 ex
538 1966 658 2029 eisdem
681 1967 728 2030 cel
740 1968 876 2030 seesima
888 1966 1033 2047 fissilimis
1050 1965 1223 2050 generibus

106 2073 196 2137 titas
222 2070 438 2134 subiunxisse.
475 2069 691 2146 Quamobrem
715 2073 800 2136 idem
824 2095 852 2136 v.
872 2071 910 2154 d.,
934 2076 1129 2156 utmagnus
1153 2093 1222 2154 sep·
1317 2072 1322 2081 '

106 2181 300 2264 rgentorum
319 2176 494 2253 illustrium
514 2178 602 2241 orbis
621 2179 742 2261 expleri
761 2180 880 2261 posset,
899 2181 1028 2260 praeter
1041 2178 1223 2242 litterarum

106 2285 260 2368 tiumque
283 2283 408 2353 lumina
431 2282 496 2347 alia
519 2284 648 2348 virtutis
672 2290 768 2367 atque
792 2285 1011 2367 praestantiae
1030 2306 1148 2369 genera
1167 2285 1224 2349 cir·

106 2390 278 2473 mapexit,
309 2390 425 2474 quibus
455 2389 661 2461 illustrandis,
680 2389 821 2455 Varroni
852 2388 991 2454 materia
1020 2391 1135 2455 idonea
1158 2391 1223 2455 suf-

106 2501 195 2579 eret,
222 2517 247 2559 e.
266 2516 297 2580 g.
321 2495 361 2559 ad
386 2496 483 2559 Plinii
508 2497 527 2559 l.
547 2494 610 2559 VII
633 2492 707 2559 iude
731 2519 750 2559 a
774 2496 856 2576 §33
880 2496 1092 2579 multiplicem
1116 2501 1148 2561 et
1172 2519 1222 2561 co·
1237 2517 1264 2556 ιι
1345 2573 1348 2580 Ι

106 2625 202 2669 >sam
232 2601 453 2666 diversitatem
481 2601 668 2685 Valeriique
699 2600 834 2665 Maximi
861 2603 1080 2685 exemplorum
1109 2624 1222 2687 conge·

106 2732 155 2774 em
187 2707 330 2792 digitum
358 2708 537 2772 intendens.
581 2699 683 2791 ldque
713 2709 783 2771 iure
812 2708 936 2771 facturn
959 2730 1028 2772 esse
1052 2709 1102 2772 vel
1125 2709 1223 2773 Plinii

106 2816 358 2901 ptingentorum
385 2814 489 2895 oiiqrro
510 2815 598 2878 niodo
625 2815 800 2878 illustrium
829 2813 996 2877 hominum
1024 2815 1123 2878 verba
1151 2837 1222 2897 pro·

108 2926 160 2987 nt.
212 2919 301 2997 Quae
327 2942 397 2984 cum
422 2921 468 2983 ita
493 2919 575 3000 sint,
598 2941 636 2982 ea
659 2941 785 3003 quoque
808 2922 842 2983 ni
867 2920 964 2984 fallor
987 2924 1042 2983 aut
1065 2920 1224 2984 tolluntur

106 3033 125 3094 t
153 3027 276 3092 saltem
299 3027 519 3109 infirmantur,
543 3048 625 3109 quae
648 3025 814 3090 Plinianae
838 3048 981 3090 summae
1004 3027 1151 3109 patronis
1175 3027 1224 3090 sui

106 3134 203 3197 ‚meri
227 3138 323 3197 tenax
347 3155 375 3195 v.
396 3132 426 3196 d.
450 3133 603 3215 opposuit
626 3131 709 3197 Mus.
732 3133 792 3197 Ith.
817 3156 846 3217 p.
866 3136 936 3216 154,
959 3156 1078 3217 pancos
1103 3133 1226 3198 scilicet

106 3261 179 3304 eros
204 3239 306 3304 fuisse
330 3239 474 3304 eiusdem
498 3227 624 3323 generis
647 3239 814 3306 hominum
835 3264 978 3325 capaces,
1001 3242 1097 3305 sicuti
1115 3247 1225 3325 poeta-

106 3369 144 3411 m
180 3351 241 3411 aut
270 3347 365 3411 rebus
395 3346 496 3431 gestis
526 3345 697 3430 clarorum,
733 3348 873 3412 medicos
902 3350 1021 3433 quippe
1050 3350 1103 3413 vix
1131 3352 1224 3413 unius

107 3451 289 3518 bdomadis
317 3453 459 3536 spatium
488 3453 678 3535 excessisse,
706 3475 744 3517 ex
772 3477 908 3539 quorum
938 3476 1055 3539 genere
1080 3456 1107 3519 si
1131 3477 1224 3538 cory-

106 3581 202 3627 raeus
226 3559 344 3641 aliquis
367 3559 430 3624 toti
454 3559 540 3624 libro
564 3559 769 3642 praepositus
793 3567 888 3643 esset,
913 3583 1034 3624 meram
1058 3560 1224 3623 licentiam

106 3688 215 3754 gnare
243 3664 352 3729 videri.
397 3664 483 3729 Nam
512 3665 540 3728 si
568 3665 609 3727 ad
639 3667 863 3748 exaequandae
887 3665 1082 3730 Graecorum
1111 3666 1223 3730 laudes

141 3770 361 3838 adsciscendis
394 3770 614 3834 Romanorum
648 3770 805 3835 classibus
841 3773 880 3836 ad
913 3773 1053 3837 finitima
1085 3772 1224 3836 maxime

106 3902 200 3946 mera
222 3877 328 3943 Varro
360 3900 393 3941 se
423 3880 611 3943 convertere
642 3877 794 3960 debebat,
828 3880 892 3943 iam
920 3878 1014 3943 credo
1042 3878 1103 3941 hoc
1126 3878 1225 3942 etiam

106 3985 219 4050 indum
252 3983 327 4066 erit,
363 3984 397 4045 in
426 3982 606 4067 deligendis
637 3983 703 4047 illis
735 3986 991 4067 quattuordecim
1025 3984 1225 4067 principibus

106 4091 190 4174 iqua
214 4088 244 4152 ei
268 4087 419 4151 libertate
439 4089 593 4153 utendum
615 4089 723 4172 fuisse,
747 4092 938 4172 praesertim
957 4113 1053 4175 quum
1072 4091 1135 4174 ipsi
1157 4112 1225 4173 sep-

106 4218 228 4260 rnarum
255 4193 494 4258 hebdomadum
524 4196 600 4259 libri
606 4247 614 4279 ,
648 4202 684 4261 ut
713 4197 820 4281 aliquo
849 4198 944 4261 modo
974 4196 1115 4260 illustres
1139 4218 1224 4260 com-

106 4301 331 4383 rehenderent,
359 4301 547 4364 diversitate
570 4304 710 4386 quadam
733 4325 799 4367 non
823 4307 955 4385 possent
978 4325 1042 4366 non
1066 4301 1224 4366 laborare.

106 4405 131 4468 lt
148 4407 275 4490 proprie
300 4406 429 4491 quidem
453 4408 549 4471 duces
567 4408 624 4492 illi,
648 4410 676 4473 si
695 4433 794 4474 unum
809 4409 986 4473 Homerum
1005 4409 1134 4493 excipis,
1158 4430 1185 4474 c.
1199 4430 1224 4473 c.
