2924 5046
407 353 451 399 zu
475 337 702 401 cmualmus’
727 352 1049 401 rnlurussruurau.
1255 333 1298 397 95

175 492 305 570 quaudo?
327 497 397 558 tam
421 495 548 578 amplae
571 517 645 578 spes
665 495 745 559 mihi
764 495 908 579 perbelle
927 494 1110 579 placebant,
1134 495 1298 576 satrapam

167 614 210 660 me
238 622 304 665 esse
332 601 491 684 putabam
519 602 660 685 aliquem
688 605 721 667 et
750 602 840 666 aurei
866 604 994 667 montes
1019 601 1126 665 animo
1150 599 1298 682 concepti

160 699 217 768 iam
253 730 299 773 me
324 707 560 792 propemodum
587 708 727 775 ferocem
754 708 967 774 reddiderant.
1015 706 1078 773 Sed
1106 705 1140 790 (o
1163 705 1298 770 fallaces

155 806 321 879 hominum
352 816 456 900 spesi)
490 838 562 882 eam
595 817 728 882 cristam
756 817 838 882 mihi
865 815 1025 900 depressit
1052 815 1148 880 unius
1180 813 1298 897 cepitis

150 915 282 986 iactura
307 923 340 985 et
368 924 419 986 est
447 923 528 990 haec
554 923 704 989 fortunae
732 946 797 988 nou
827 924 999 988 mediocris
1022 921 1156 987 inuidia
1202 918 1298 995 Quid

146 1023 182 1088 ds
199 1025 359 1093 Carolo
378 1029 471 1093 mihi
495 1031 725 1113 sperandum
748 1030 814 1112 sit,
836 1053 877 1095 ne
896 1035 929 1096 te
947 1030 1059 1095 multis
1078 1050 1196 1112 morer,
1214 1026 1299 1109 sudi,

141 1151 191 1212 per
224 1133 344 1200 Musas
368 1137 401 1199 et
424 1136 547 1220 gratias
576 1140 609 1200 te
633 1158 700 1201 oro.
744 1136 850 1201 Erant
882 1135 1104 1201 sacerdotia
1136 1134 1197 1198 illi
1230 1132 1297 1197 mi-

139 1244 314 1308 nuscula
347 1243 434 1327 duo,
466 1242 517 1328 egi
552 1265 625 1308 cum
658 1265 696 1309 eo
728 1266 786 1327 per
818 1233 943 1326 literas,
975 1248 1133 1327 quantum
1165 1241 1198 1305 id
1229 1239 1299 1303 fieri

136 1348 273 1433 potuit,
293 1350 492 1434 diligentius,
513 1350 662 1416 feceruut
683 1351 755 1434 hoc,
778 1373 829 1415 me
852 1350 952 1415 etiam
969 1348 1142 1430 nesciente,
1166 1346 1298 1413 amiculi

136 1457 348 1541 cumplures,
370 1461 408 1521 ut
431 1458 554 1522 aetati
575 1479 679 1523 meae
703 1457 893 1541 paulatim
911 1457 986 1520 iam
1003 1454 1298 1541 ingrauescenti

133 1563 350 1647 consuleret,
372 1567 448 1647 post
470 1567 521 1627 tot
544 1564 727 1628 exantlatos
751 1564 894 1646 labores,
922 1567 997 1647 post
1019 1566 1088 1628 tam
1111 1561 1298 1646 diligentem

132 1663 185 1727 sibi
247 1670 448 1754 plerisque
481 1672 595 1735 aunis
625 1674 780 1735 nauatam
808 1691 941 1754 operam
968 1691 1029 1753 par
1056 1690 1139 1746 esse,
1167 1671 1204 1730 ut
1232 1667 1297 1731 iam

132 1768 269 1839 missio
292 1775 372 1840 mihi
401 1775 609 1860 concedatur,
641 1798 705 1861 quo
737 1776 849 1841 liceret
883 1798 948 1860 per
980 1777 1100 1840 otium
1133 1774 1298 1858 posthac

132 1877 301 1947 studiis
327 1881 414 1948 frui.
459 1883 641 1967 Respondit
668 1884 770 1948 illico:
801 1906 835 1948 se
862 1883 982 1947 hebere
1006 1883 1087 1964 iam,
1113 1882 1231 1966 quibus
1255 1881 1298 1944 sit

133 2001 167 2044 00
192 1981 452 2054 beneficiorum
480 2009 597 2073 genere
624 1991 875 2075 gratificaturus.
927 1989 954 2055 Ο
987 1991 1119 2074 gratum
1147 1986 1306 2079 discipuli¹

134 2089 279 2170 pectus!
312 2118 331 2161 o
355 2095 503 2180 dubiam,
531 2096 745 2162 imo‘nullam
768 2096 879 2181 potius
902 2096 987 2160 inter
1009 2096 1165 2161 mortales
1187 2094 1297 2158 fidem!

136 2193 177 2257 ila
202 2201 343 2268 adsunt
369 2202 468 2266 isthic
491 2203 652 2287 uultures,
683 2203 739 2287 qui
767 2201 878 2267 multis
909 2202 1008 2267 etiam
1032 2207 1107 2267 ante
1130 2201 1297 2266 mensibus

138 2297 292 2375 cadauor
318 2310 452 2394 aliquod
478 2308 623 2374 futurum
650 2311 883 2394 praesentiant.
936 2310 1071 2376 Vtinam
1099 2310 1162 2375 hoc
1191 2309 1297 2374 alieno
1357 2390 1362 2396 Ι

140 2426 171 2467 ²ss
189 2427 282 2480 non
303 2416 368 2481 mei
390 2416 494 2500 ipsius
517 2417 664 2500 exemplo
687 2417 876 2502 diligentius
899 2418 1158 2502 praeuidissem.»

237 2626 290 2693 Zu
312 2629 434 2694 diesem
457 2630 566 2695 Briefe
593 2631 666 2716 gibt
687 2630 886 2696 Heumann's
911 2629 1167 2696 ‘Commentatio
1190 2631 1298 2715 isago-

145 2723 241 2806 Εἶθ’
260 2760 288 2820 p.
306 2737 367 2801 107
393 2736 635 2802 uachstebende
652 2737 887 2822 Erlautesung:
912 2736 1110 2821 ‘Episcopus
1125 2737 1297 2820 Bamberg.

146 2830 244 2903 cuius
277 2844 381 2908 fatum
414 2843 505 2927 luget
532 2843 657 2909 Verler.
690 2850 760 2909 crat
793 2844 911 2928 Georg.
939 2843 1109 2928 Pincerue,
1141 2842 1225 2908 Baro
1259 2844 1298 2907 de
1314 2861 1352 2901 1⁵5

146 2933 324 3036 bimpurg,
359 2949 389 3013 d.
412 2951 465 3013 31.
487 2948 568 3015 Maii
595 2951 679 3015 1522
708 2974 725 3014 e
753 2952 821 3016 vit-a
849 2950 1022 3034 digressus.
1068 2948 1166 3015 Soror
1194 2950 1297 3034 ipsius

148 3039 348 3122 Elisabetha
380 3061 483 3140 nupta
514 3057 654 3140 primum
686 3056 849 3122 Ludouico
883 3054 973 3121 (lom.
1006 3057 1047 3120 ab
1084 3055 1298 3141 Hellenstein,

151 3147 269 3227 deiude
291 3161 415 3247 Georg,
438 3162 527 3228 Corn.
552 3165 593 3229 ab
617 3163 838 3229 Helfenstem'
863 3162 932 3250 (so).
957 3200 998 3210 —
1022 3163 1185 3227 Hiernach
1208 3185 1297 3227 muse

149 3253 341 3336 ideumann
369 3269 511 3354 glauben
540 3268 619 3354 (und
648 3269 730 3334 Will
758 3270 890 3354 glaubte
918 3267 1094 3355 dasselbe),
1127 3270 1179 3334 ein
1207 3267 1297 3334 Sohn

156 3359 198 3424 ‘10¹
239 3371 428 3458 Elisabeth,
460 3400 518 3441 sus
547 3381 650 3442 erster
677 3378 755 3442 oder
783 3399 841 3441 aus
869 3376 999 3441 zweiter
1026 3376 1112 3459 Ehe,
1144 3377 1213 3441 also
1231 3359 1299 3440 'ein

155 3467 367 3554 ingerens
387 3505 451 3547 von
464 3483 679 3565 Helfenstein,
703 3484 750 3547 sei
774 3506 808 3548 es
831 3504 990 3567 gewesen,
1014 3482 1087 3547 dem
1109 3481 1298 3547 Elisabetbs

161 3572 293 3671 bader,
320 3588 377 3653 der
400 3589 538 3654 Bischof
559 3612 622 3656 von
646 3589 824 3674 Bamberg,
852 3611 973 3653 unsem
996 3588 1073 3653 Veit
1096 3589 1225 3652 Werler
1248 3588 1297 3651 als

166 3678 385 3759 Studienleiser
404 3695 469 3760 und
487 3695 742 3780 Reisebegleiter
762 3697 957 3761 ausersehen
975 3695 1068 3760 habe.
1101 3694 1175 3759 Uud
1193 3694 1297 3759 dieses

172 3810 212 3850 un
236 3819 270 3865 so
293 3802 397 3881 mehr,
431 3801 478 3865 ale
502 3802 539 3884 ja
561 3802 689 3867 Werler
716 3803 820 3867 selbst
847 3803 958 3866 seinen
983 3800 1122 3885 Zbgliug
1145 3799 1220 3865 Oarl
1250 3799 1298 3863 als

178 3894 253 3968 einen
274 3905 327 3972 ‘ex
350 3931 461 3973 sorore
483 3907 601 3993 nepos'
625 3909 680 3973 des
704 3909 855 3974 Bischofs
883 3909 1079 3973 bezeichnet.
1124 3907 1199 3972 Und
1224 3908 1299 3971 den·

182 4004 246 4072 noch
269 4013 310 4079 ist
336 4015 395 4080 das
425 4016 505 4080 alles
534 4015 759 4101 grandfalsch,
790 4017 850 4081 wie
880 4016 965 4080 mich
994 4016 1065 4079 eine
1089 4036 1229 4099 genaue,
1261 4037 1297 4078 so

187 4109 322 4185 mlllsurne
356 4123 416 4186 wie
449 4123 676 4187 zeitraubende
703 4122 958 4206 Untmsuchung
990 4122 1117 4206 gelehrt
1144 4121 1215 4205 hat,
1248 4121 1300 4184 nir

190 4216 279 4288 welche
313 4228 400 4293 mich
437 4229 559 4293 meines
595 4229 781 4293 rerehrten’
802 4228 979 4310 Freundes,
1021 4227 1100 4292 Geh.
1136 4227 1298 4292 Hofraths
1381 4278 1382 4283 η

192 4317 354 4418 Gcrsdorf,
378 4335 696 4400 dankenswerthestc
711 4335 996 4419 Bereitwilligkeil
1011 4333 1110 4397 durch
1126 4333 1177 4397 die
1192 4332 1299 4399 Nach-

84 4476 86 4527 ;
193 4430 301 4523 seisung
324 4442 469 4527 einiger,
502 4443 563 4507 mir
595 4443 698 4507 selbst
731 4443 822 4507 nicht
854 4443 1032 4527 geliiufiger
1065 4440 1300 4505 litterarischer
