2924 5046
553 334 842 398 COMMENTAmvs.
1200 329 1264 393 241

133 486 219 553 culae
243 496 299 556 aut
325 491 441 556 harum
470 493 664 558 adminiculo
695 492 835 556 adnexae
859 492 1005 575 integrae
1029 490 1267 554 enuntiationes

123 584 446 680 interpretamentum
472 598 680 662 manifestum
703 598 855 680 prodant:
885 597 993 680 qualia
1016 619 1087 661 cum
1111 596 1267 684 Burman·

113 712 196 764 ssus
214 703 515 789 Oudendorpiusque
544 706 577 769 in
600 705 684 789 Aug.
713 726 738 768 c.
761 705 818 788 32,
849 703 982 786 Vespas.
1011 726 1036 768 c.
1062 706 1116 787 11,
1147 702 1269 768 Domit

103 819 136 863 0-
181 811 227 889 17,
248 817 317 874 tum
339 809 525 895 Madvigius
549 812 570 874 l.
594 833 618 875 s.
642 833 666 874 s.
690 833 719 893 p.
746 810 809 874 145
833 809 1051 894 designarunt.

214 914 287 997 Peg.
312 916 379 990 208,
403 917 420 980 3
443 936 654 999 nummorum,
682 916 767 1000 quod
790 916 903 980 debuit
926 937 995 978 esse
1018 933 1193 995 nummum,
1217 914 1269 978 vix

82 1028 212 1086 reete
229 1023 367 1087 Rothius
391 1023 512 1087 talibus
536 1023 692 1106 exemplis
715 1021 908 1106 quibusdam
931 1025 1057 1085 tutatus
1082 1024 1131 1083 est
1153 1020 1269 1104 quibus

79 1120 252 1193 brevior
273 1129 380 1194 forma
398 1135 512 1194 nostro
532 1151 629 1193 sensu
648 1130 727 1193 item
747 1127 907 1192 reddenda
926 1132 984 1205 est,
1008 1149 1027 1189 a
1046 1126 1129 1189 male
1148 1126 1269 1191 sedulis

71 1226 252 1299 denium
285 1235 352 1299 rive
386 1235 580 1319 magistellis
614 1235 681 1300 sive
712 1234 857 1300 librariis
890 1233 1078 1298 obscurata:
1111 1232 1195 1315 Aug.
1227 1234 1270 1296 46

60 1336 247 1422 semila
270 1363 469 1406 cumanorum
487 1328 586 1419 milia,
612 1343 672 1406 101
692 1342 816 1422 singula
834 1341 924 1405 mileo
942 1359 1147 1404 navarreorum.
1184 1337 1216 1402 N
1218 1360 1269 1401 am

57 1444 222 1515 Qtiam
251 1449 285 1511 in
315 1447 439 1512 talibus
466 1445 572 1510 forma
599 1446 769 1530 disyllaba·
789 1451 916 1510 servata
938 1449 991 1509 est
1013 1445 1056 1510 ib.
1079 1445 1124 1508 40
1146 1445 1271 1526 singula

57 1551 213 1617 mila
239 1573 410 1618 nummum.
457 1548 554 1616 Certo
585 1555 693 1616 autem
721 1552 891 1618 accedente
918 1573 1052 1617 numero
1081 1551 1142 1615 etsi
1170 1550 1270 1644 semel

55 1659 285 1729 proditum
313 1660 506 1742 0011ρὶ0νὶ111
532 1679 730 1723 nummorum
759 1664 945 1724 trecenorum
967 1658 1062 1722 Dom.
1085 1658 1106 1720 4
1134 1658 1271 1741 reperio,

54 1757 232 1829 tamen
254 1766 290 1828 in
313 1765 430 1830 ceteris
455 1765 610 1847 exemplis
630 1765 781 1829 omnibus
800 1765 896 1829 alteri
915 1765 1040 1829 formae
1058 1768 1270 1847 pepercerunt

58 1857 263 1935 librarii:
292 1877 444 1953 qautemu
465 1871 557 1935 milia
579 1891 742 1935 nummum
764 1875 797 1934 et
820 1871 894 1935 bina
912 1870 1003 1935 milio
1025 1891 1187 1934 crimmum
1210 1868 1269 1933 Iul.

62 1965 170 2058 38,
200 1979 297 2042 temis
319 1977 444 2042 milibus
466 1997 629 2041 nummum
651 1976 693 2040 ib.
717 1977 774 2060 54,
802 1979 939 2041 traiectis
961 1978 1086 2042 milibus
1109 1996 1271 2041 namucum
1376 2054 1383 2069 ⁸

62 2073 208 2167 Aug.
232 2083 286 2165 68,
309 2084 423 2164 aepiati
445 2083 536 2147 milia
557 2103 719 2147 nummum
743 2083 785 2146 ib.
806 2084 857 2166 11,
882 2084 1011 2165 impiata
1032 2083 1159 2148 milibus
1179 2103 1270 2147 nam·

57 2196 209 2252 mum
233 2189 305 2252 Tib.
324 2190 376 2270 34,
399 2187 487 2255 DOG
502 2190 626 2254 milibus
648 2209 810 2252 calamum
833 2211 968 2274 gramm.
987 2191 1018 2273 3,
1040 2189 1132 2255 XVI
1145 2190 1270 2255 milibus

57 2301 286 2361 nummum
309 2296 351 2360 ib.
375 2297 404 2378 8,
428 2297 493 2361 nisi
517 2317 597 2381 quae
620 2294 706 2358 forte
729 2315 780 2357 me
803 2294 956 2379 fugerunt
979 2296 1053 2361 ulia.

211 2401 319 2467 Versu
340 2403 362 2466 4
391 2403 477 2467 inter
504 2402 669 2468 0101101101
696 2404 729 2465 11
751 2422 826 2465 acar
848 2401 1060 2483 Adelphorum
1076 2405 1271 2486 principiam

58 2513 257 2576 gravem
289 2507 437 2572 lacunam
470 2529 540 2572 esse
568 2511 637 2571 tam
664 2512 753 2571 recto
784 2506 923 2571 Wolfius
952 2508 1071 2573 iudicio
1100 2510 1270 2574 adsecutus

63 2613 182 2693 est,
201 2597 251 2679 ut
278 2612 460 2679 contrariae
488 2613 667 2677 sententiae
695 2597 912 2677 defendendae
935 2635 1090 2698 negemus
1114 2615 1200 2679 viam
1224 2639 1270 2679 re·

65 2700 236 2784 lictum
261 2740 340 2783 esse.
380 2717 594 2783 Alienissima
616 2719 702 2782 enim
726 2724 802 2783 sunt
826 2742 908 2804 quae
931 2721 1080 2786 feruntur
1102 2743 1177 2784 uam
1200 2746 1271 2805 par-

65 2810 242 2892 tioulae
276 2824 422 2907 exempla
454 2824 516 2889 soli
549 2825 704 2888 transitui
737 2827 894 2890 sermonis
928 2828 1060 2892 servire:
1097 2828 1206 2912 qualia
1237 2828 1271 2891 in

69 2908 219 2996 bonis
244 2931 458 3015 scriptoribus
482 2936 605 2996 eertum
629 2936 679 2996 est
701 2933 800 2997 alium
824 2934 1020 3017 explicatum
1043 2934 1176 3018 habere,
1199 2958 1271 3018 pro·

73 3031 196 3101 pn'a
218 3041 329 3104 autem
352 3058 428 3102 nam
450 3038 539 3103 vocis
563 3039 595 3101 vi
614 3038 771 3104 destituta
788 3040 928 3104 labentis
948 3041 1076 3104 demum
1095 3041 1271 3120 latinitatis
1318 3119 1321 3126 Ι

73 3119 292 3209 barbaries
307 3144 449 3228 admisit,
463 3144 553 3209 velut
566 3145 600 3208 in
614 3144 735 3210 Donati
750 3147 893 3211 auctario
907 3147 1003 3211 huius
1018 3147 1103 3211 vitae
1117 3171 1147 3231 p.
1158 3148 1231 3230 214,
1244 3149 1270 3211 1.
1285 3167 1325 3208 101

78 3223 191 3311 Nec
223 3250 326 3334 pluris
360 3254 425 3316 iam
458 3257 508 3317 est
536 3251 620 3333 apud
649 3250 804 3316 Rothium
838 3275 868 3335 p.
898 3252 961 3316 180
988 3239 1198 3335 propositum.
1227 3291 1270 3300 -

82 3332 209 3449 {Quid
232 3356 440 3422 intercideret
463 3378 536 3420 cunr
560 3356 741 3439 suspicatus
765 3380 835 3421 sum
855 3379 872 3420 9
891 3357 1012 3422 Donati
1032 3357 1052 3420 l.
1072 3379 1096 3420 s.
1116 3380 1139 3421 s.
1163 3360 1270 3424 verbis

93 3458 290 3548 111tellegi,
320 3464 376 3528 ubi
407 3463 499 3529 ‘duae
528 3462 793 3546 abApollodoro
822 3464 999 3528 translatae
1027 3486 1097 3528 esse
1122 3464 1271 3530 dicuntur

100 3568 261 3653 ‘³01ni00,
283 3568 438 3656 Phormio
461 3573 494 3633 et
516 3567 661 3653 Hecyra,
689 3574 843 3653 quattuor
866 3571 1008 3653 reliquae
1032 3593 1051 3632 a
1074 3569 1271 3656 Menandr0’‚

104 3671 192 3735 ¹¹011
214 3676 357 3762 cogitavi
380 3676 419 3741 de
444 3675 556 3740 eadem
579 3696 712 3759 prorsus
736 3677 904 3742 memoria:
929 3700 1024 3761 quam
1049 3678 1076 3740 si
1100 3653 1166 3741 iani
1189 3680 1271 3742 rela-

114 3763 197 3842 tam
232 3781 266 3846 in
297 3781 446 3848 Suetonii
482 3782 550 3846 vita
587 3780 735 3864 vidisset,
771 3804 837 3846 non
873 3783 1024 3848 iterasset
1056 3783 1205 3847 Donatus
1237 3785 1271 3848 in

124 3888 270 3953 auctario
294 3889 363 3954 eius
387 3888 487 3952 vitae:
511 3887 629 3953 sedda
653 3889 761 3971 simili,
785 3889 911 3974 quando
936 3890 975 3953 ad
999 3888 1195 3954 Graecorum
1219 3913 1271 3955 ex-

10 4078 13 4083 ,
135 3992 318 4072 amplarum
344 3994 562 4062 imitationem
590 4000 739 4077 spectant
762 4017 844 4079 quae
867 3996 1089 4079 insequuntur.
1113 4035 1155 4041 —
1179 3993 1271 4061 Oete·

20 4167 25 4175 ,
142 4102 307 4185 010101
329 4103 365 4166 in
388 4103 522 4167 lacunae
545 4102 757 4184 suspitionem
776 4101 916 4166 Wolfius
940 4103 1037 4167 etiam
1062 4103 1121 4168 illa
1143 4104 1272 4168 vocavit

10 4192 46 4291 ’ἡ
152 4213 214 4275 quae
234 4213 307 4273 runt
328 4213 358 4273 91
378 4207 460 4273 lianc
481 4212 584 4272 auam
606 4213 635 4272 et
651 4209 785 4290 quiaque
802 4211 936 4291 reliquos
955 4234 985 4293 p.
1005 4210 1079 4292 201,
1099 4210 1149 4293 10,
1172 4232 1271 4294 prave

157 4319 230 4389 sagax
249 4313 324 4378 fuit:
348 4314 466 4398 quibus
490 4313 571 4377 nihil
595 4315 715 4379 sanius.

10 4406 55 4436 ³⁹
220 4416 291 4502 Pag.
309 4419 377 4493 208,
401 4419 479 4501 8sq.
502 4441 575 4484 cum
600 4425 632 4484 et
654 4426 783 4485 corculus
806 4425 980 4501 atcumque
999 4420 1150 4504 (idenim
1170 4422 1271 4486 latere
1356 4452 1360 4458 ·

193 4536 385 4579 aurumi
404 4542 536 4579 orvscvu
554 4544 595 4579 rrr.
1025 4531 1057 4581 lo
