2924 5046
522 361 599 408 srva
624 362 872 408 nauuousovu
896 362 1001 408 araur.
1269 347 1333 409 533

167 501 293 566 ubivis
318 506 388 567 turn
411 503 444 567 in
468 503 520 569 his
544 505 682 568 maxime
706 505 815 586 libris,
845 504 962 588 quibus
987 529 1006 568 a
1028 527 1235 570 numerorum
1261 527 1333 585 (υμ-

176 611 296 693 μετρίᾳ
319 632 439 675 nomen
461 610 611 694 inditum,
634 611 815 676 Varronem
840 611 1029 675 observasse
1053 613 1187 695 monuit,
1210 614 1257 677 ita
1281 613 1332 676 de·

181 737 273 780 mum
303 715 511 782 satisfactum
539 719 654 803 fuisse,
687 719 714 782 si
744 741 807 782 non
837 722 966 781 tantum
995 722 1150 801 septenae
1174 720 1332 803 imagines

186 823 308 906 septies
324 825 523 907 compositae
539 825 686 909 singulos
701 825 801 889 libros
816 825 1060 906 constituerent,
1076 826 1130 888 sed
1146 826 1173 888 si
1188 826 1332 889 omnium

189 928 369 1014 imaginum
397 952 548 995 numerus
577 954 643 996 nou
672 932 751 1014 686,
784 932 839 995 sed
869 932 1148 1016 septingentarum
1173 954 1330 995 summam

190 1037 331 1102 referret.
386 1037 499 1122 Itaque
529 1038 715 1102 Plinianum
745 1021 913 1103 numerum
946 1040 985 1103 ad
1019 1038 1175 1103 amussim
1208 1038 1332 1102 intelle·

190 1143 328 1228 gendum
361 1144 454 1208 nobis
487 1145 569 1228 eripi
602 1167 668 1209 non
700 1145 874 1228 patiemur,
904 1145 958 1208 sed
988 1146 1097 1228 potius
1126 1144 1331 1228 anquiramus

190 1255 317 1335 oportet
341 1273 403 1335 quo
427 1251 455 1314 is
478 1251 574 1315 modo
594 1274 665 1315 cum
681 1250 741 1315 XV
757 1251 913 1315 librorum
939 1274 1070 1315 numero
1096 1255 1192 1334 atque
1216 1250 1332 1314 ceteris

189 1356 426 1421 distributionis
450 1356 557 1420 factae
580 1357 707 1422 indiciis
732 1359 837 1440 possit
861 1358 1035 1421 conciliari.

275 1462 397 1527 Obstat
425 1467 533 1526 autem
555 1462 802 1528 vHitschelianac
836 1464 1070 1547 computationi
1103 1464 1331 1548 gravissimum

181 1552 286 1634 'Gellii
310 1568 375 1652 III,
402 1570 438 1631 ll
457 1568 707 1653 testimonium,
740 1570 826 1654 quod
853 1569 917 1632 nisi
946 1568 1112 1635 ‘liberiore
1140 1571 1331 1654 interpreta-

189 1675 292 1740 tione’
316 1697 393 1740 usus
417 1674 452 1738 in
477 1678 586 1758 partes
610 1697 684 1740 suas
709 1679 833 1740 vertere
857 1698 885 1738 v.
910 1675 937 1739 d.
963 1698 1025 1739 uon
1050 1676 1160 1739 valuit.
1207 1675 1330 1740 Gellius

187 1784 269 1847 enim
298 1785 473 1867 postquam
500 1782 521 1846 l.
544 1780 593 1845 Ill
618 1804 643 1846 c.
670 1783 710 1846 10
739 1804 776 1846 ex
802 1781 916 1863 ‘prrimo
940 1782 1111 1864 librorum,
1140 1782 1195 1864 qui
1220 1782 1332 1846 iuscri-

187 1889 304 1954 buntur
331 1887 549 1953 hebdomades
578 1889 628 1952 vel
657 1889 695 1951 de
724 1887 938 1972 imaginibus'
967 1910 1050 1971 quae
1078 1889 1116 1951 de
1147 1888 1330 1970 septenario

187 2017 317 2061 numero
342 1995 385 2059 Μ.
409 1994 514 2060 Varro
543 1994 716 2059 admodum
745 1996 924 2079 conquisito
953 1995 1135 2077 protulerat
1164 1996 1330 2080 excerpsit,

187 2103 289 2186 capite
313 2101 457 2165 eiusdem
486 2101 561 2165 libri
586 2102 731 2184 sequenti
756 2097 827 2186 (11)
857 2102 903 2165 ita
926 2103 1048 2187 pergit:
1081 2100 1200 2185 ‘Super
1223 2106 1330 2166 aetate

187 2207 317 2273 Homeri
341 2211 437 2292 atque
451 2205 586 2271 Hesiodi
611 2229 676 2271 nou
700 2208 909 2272 consentitur.
947 2209 1014 2272 Alii
1029 2208 1208 2272 Homerum
1232 2230 1329 2291 quam

187 2313 360 2378 Hesiodum
379 2313 536 2377 maiorem
554 2317 634 2377 natu
654 2311 753 2377 fuisse
773 2314 970 2396 scripserunt
986 2353 1026 2358 -—
1041 2313 1083 2376 M.
1100 2318 1207 2377 autem
1223 2313 1328 2380 Varro

187 2419 217 2482 in
234 2421 341 2501 primo
364 2419 403 2483 de
427 2419 624 2504 imaginibus
648 2424 720 2483 uter
743 2420 832 2501 prior
855 2421 899 2483 sit
922 2424 1019 2484 uatus
1042 2443 1157 2502 parum
1181 2425 1327 2485 constare

187 2525 283 2590 dicit’
324 2525 369 2590 Ht
392 2526 498 2609 capite
522 2531 677 2591 extremo:
702 2525 761 2604 ‘Ma
776 2525 881 2590 Varro
906 2527 937 2589 iu
963 2527 1044 2590 libro
1068 2528 1105 2589 de
1129 2527 1354 2610 imaginibuse

183 2634 286 2714 primo
317 2631 452 2697 Homeri
485 2632 621 2716 imagini
654 2633 855 2717 epigramma
888 2633 949 2697 hoc
982 2634 1147 2716 apposuit:
1194 2631 1327 2716 Capella

185 2738 318 2804 Homeri
341 2738 479 2803 candida
501 2738 581 2802 haec
605 2739 765 2803 tumulum
790 2739 920 2822 indicat,
944 2739 1036 2814 Quod
1060 2740 1120 2802 hac
1134 2739 1221 2802 letae
1246 2761 1327 2803 mor·

184 2849 237 2910 tuo
266 2845 393 2911 faciunt
420 2843 542 2916 sacra?¹
580 2844 667 2920 Quae
697 2868 796 2929 quum
825 2849 936 2928 aperte
962 2845 1102 2908 Graecae
1131 2845 1326 2911 hebdomadi

183 2954 288 3017 locum
315 2952 415 3020 fuisse
444 2952 477 3016 in
504 2952 642 3034 imparis
670 2952 796 3016 numeri
824 2952 908 3015 libro
938 2951 1115 3034 declarent,
1148 2975 1213 3017 uon
1244 2953 1326 3017 ferre

183 3060 290 3142 potuit
321 3058 532 3141 Hitschelius,
562 3058 618 3122 sed
648 3059 696 3121 ita
726 3059 787 3121 sibi
819 3059 1016 3140 conciliavit,
1054 3062 1091 3121 ut
1127 3059 1326 3124 existimaret

183 3165 338 3231 ‘Gellium
357 3165 413 3230 ubi
433 3165 611 3230 subiectum
627 3164 761 3228 Homeri
781 3166 916 3251 imagini
936 3166 1136 3250 epigramma
1154 3165 1324 3228 adiectam·

181 3294 240 3358 que
264 3272 303 3336 de
326 3272 415 3336 illius
439 3275 536 3356 atque
559 3270 694 3335 Hesiodi
719 3278 825 3335 aetate
849 3272 1101 3355 disputationem
1126 3271 1326 3356 excerpebat,

180 3401 243 3445 non
277 3399 407 3443 curasse
439 3377 652 3460 praemissam
685 3377 834 3440 universo
867 3379 955 3461 operi
985 3378 1236 3461 praefationem,
1268 3380 1324 3443 sed

180 3485 319 3569 primum
353 3484 472 3548 librum
505 3482 623 3546 dixisse
656 3483 711 3566 qui
744 3505 857 3566 reapse
891 3484 1014 3567 primus
1047 3489 1132 3548 esset
1168 3487 1324 3569 imagines

179 3592 268 3675 ipsas
291 3593 551 3675 repraesentans.
591 3589 680 3674 Ergo
704 3591 737 3655 in
760 3593 889 3655 seorndo
912 3592 1030 3674 potius,
1054 3591 1080 3653 si
1105 3591 1145 3654 ad
1169 3594 1324 3656 amussim

179 3699 216 3762 fit
238 3698 430 3780 numeratio,
452 3697 609 3761 Homerus
631 3702 673 3781 et,
698 3702 733 3762 ut
752 3703 1001 3763 consentaneum
1028 3700 1078 3760 est
1100 3697 1236 3780 credere,
1260 3699 1323 3762 He·

178 3808 285 3871 siodrss
316 3806 423 3870 locum
456 3804 659 3869 invenerant:
693 3805 776 3869 unde
809 3826 1008 3887 consequens
1041 3808 1103 3886 est,
1137 3810 1172 3866 ut
1204 3805 1322 3870 latinos

179 3917 293 3996 poetas
323 3911 439 3976 tertius
470 3910 735 3994 persequeretur?
782 3911 921 3975 Acutam
952 3910 1095 3994 quidem,
1129 3911 1183 3994 sed
1214 3915 1323 3976 tamen

178 4019 328 4084 fallacem
352 4018 666 4100 interpretationem!
691 4054 732 4061 -
758 4017 828 4092 Qua
851 4018 989 4100 probata
1012 4042 1030 4081 a
1054 4017 1149 4081 nobis
1173 4017 1322 4100 impetre-

179 4147 250 4189 mus
279 4127 421 4208 oportet,
449 4126 486 4186 ut
513 4122 682 4186 credamus
707 4123 846 4186 Gellium
875 4124 909 4186 in
939 4123 1127 4187 adhibendis
1156 4128 1321 4187 auctorum

180 4231 273 4295 libris
297 4230 431 4293 minime
458 4228 677 4313 negligentem
707 4229 831 4293 duobus
855 4230 1016 4313 capitibus
1041 4251 1110 4292 sese
1134 4228 1322 4311 excipienti·

179 4337 237 4402 bus
262 4336 404 4419 primum
428 4336 664 4401 hebdomadum
689 4337 807 4401 libmm
833 4337 939 4400 verbis
963 4337 1091 4419 quidem
1115 4336 1243 4418 iisdem,
1266 4336 1322 4399 sed

180 4442 243 4506 alia
267 4441 439 4527 utrobique
463 4446 570 4506 mente
595 4442 785 4526 appellasse,
809 4463 889 4527 quae
913 4464 978 4506 non
996 4443 1129 4508 ferenda
1147 4446 1197 4506 est
1214 4443 1322 4508 incon·
