2888 5040
143 307 207 370 556
469 324 581 370 suasa
605 307 748 370 vsuno’s
773 320 953 368 russruvu

143 465 338 530 Varroniani
366 466 400 529 in
430 466 519 529 vario
552 466 734 528 litterarum
768 485 884 548 genere
912 463 1056 528 delectus
1083 465 1246 549 vestigiain

143 595 275 636 recensu
313 572 369 635 illo
407 573 709 636 florentissimorum
750 570 968 655 ingeniorum,
1011 593 1104 654 qoem
1138 572 1246 638 librol

144 678 380 754 Quinctilianus
396 679 549 759 instituit,
564 678 779 761 probabiliter
791 676 988 741 Mercklinus
1003 678 1082 760 p.12
1092 679 1174 758 [539]
1185 678 1244 742 iuda

143 785 241 868 gavit.
283 785 499 868 Quamquam,
530 792 651 870 quanta
680 785 713 847 in
736 784 798 848 hac
822 806 936 848 caussa
955 783 1108 848 cautione
1129 786 1243 868 opusril,
1281 870 1283 879 Ι

143 914 215 955 cum
243 914 357 975 perse
387 891 586 975 intellegitur
609 896 680 961 tum
708 892 811 975 ipsius
834 889 1007 955 Merclrlini
1032 890 1169 974 exemplo
1185 912 1241 955 con·

143 999 309 1083 probatur.
351 998 412 1073 Qui
445 998 473 1061 si
506 1021 522 1062 e
556 998 767 1074 Quinctiliani
799 1000 819 1078 ἓ
846 998 993 1063 52-56
1026 998 1128 1062 verbis
1157 999 1240 1080 septas

144 1108 270 1188 praeter
293 1104 471 1169 Homerum
500 1109 614 1188 poetas
638 1104 777 1169 Graecos
806 1106 915 1189 epicos
944 1105 1079 1170 eruebat
1099 1102 1239 1186 Hesiodum,

143 1211 324 1294 Panyasin,
362 1210 588 1292 Apollonium,
626 1211 781 1292 Aratum,
821 1211 1048 1294 Theocritum,
1087 1210 1239 1291 Pisandrum,

143 1317 357 1397 Nicandrum,
391 1317 508 1401 quibus
536 1318 577 1381 ab
611 1319 680 1402 ipso
710 1317 929 1392 Quinctiliauo
960 1317 1118 1382 adiectum
1148 1322 1238 1400 propter

143 1423 360 1487 imitationem
392 1422 531 1506 Vergilii
564 1424 808 1507 Euphorionem
842 1424 1039 1506 coniciebat,
1070 1422 1239 1507 imprudenter

147 1528 374 1592 Antimachum
410 1529 557 1611 neglexit
592 1531 676 1594 inter
708 1529 886 1593 Hesiodum
925 1535 958 1592 et
990 1529 1147 1613 Panyasin
1174 1529 1237 1592 inter·
1265 1534 1269 1539 ’

143 1636 270 1700 iectum.
311 1634 393 1699 Item
428 1658 500 1699 cum
527 1635 718 1700 Latinorum
752 1635 989 1701 hebdomadem
1019 1637 1168 1720 epicorum
1190 1633 1236 1699 inde

143 1742 273 1820 a§85
301 1746 520 1806 enumeratam
554 1745 662 1826 putat,
696 1764 777 1828 quae
805 1742 1074 1825 complecteretur
1098 1741 1237 1826 Vergilius,
1279 1776 1283 1819 1

132 1847 301 1929 Macrum,
324 1848 517 1932 Lucretium,
540 1848 720 1914 Varronem
744 1849 929 1930 Atacinum,
952 1848 1103 1932 Ennium,
1126 1847 1237 1927 Oridiun,

144 1952 329 2019 Cornelium
354 1954 505 2019 Severum
512 2006 520 2038 ,
544 1955 666 2020 oblitus
691 1959 859 2019 estunam
885 1955 970 2019 libro
994 1955 1153 2040 isagogico
1170 1973 1237 2018 reser-

143 2061 283 2125 vandum
303 2062 411 2125 fuisse.
447 2059 507 2126 Sed
527 2063 578 2125 vel
597 2062 643 2146 sic
662 2062 898 2126 eoncedendum
918 2066 970 2125 est
989 2066 1098 2126 tamen
1116 2067 1159 2125 sat
1172 2078 1237 2144 prope
1279 2058 1283 2155 1

143 2166 184 2230 ad
216 2189 384 2232 numerum
417 2169 636 2252 septenarium
669 2169 795 2251 aliquot
827 2168 959 2252 pinacas
991 2167 1184 2244 Quinctiliani
1206 2185 1237 2228 ae
1279 2162 1283 2227 l

143 2273 263 2355 cedere,
286 2279 323 2338 ut
347 2275 400 2358 qui
425 2274 569 2358 profecto
588 2274 640 2340 rel
659 2273 774 2338 addere
794 2274 844 2337 vel
864 2275 1016 2339 omittete
1035 2297 1130 2339 unum
1145 2279 1172 2338 et
1187 2273 1237 2336 itan

144 2380 281 2443 alterum
305 2403 422 2445 nomen
445 2381 589 2464 potuerit
608 2382 657 2444 vel
677 2383 775 2446 etiam
796 2381 884 2445 aliud
908 2381 942 2444 in
962 2381 1151 2446 Varroniani
1168 2381 1238 2444 lum

142 2490 180 2550 ut
203 2486 399 2551 obscurioris
424 2486 627 2552 substituere.
668 2487 736 2551 Nec
755 2487 841 2550 enirn
865 2486 1069 2552 obscuriores
1092 2485 1238 2571 quosdana

143 2593 292 2658 Varrone
311 2594 457 2658 exclusos
477 2616 546 2656 esse
566 2593 617 2656 vel
636 2593 831 2656 Menecratis
851 2593 999 2676 exemplo
1019 2592 1173 2658 architecti
1187 2573 1259 2654 aad·
1280 2672 1283 2687 1

143 2704 281 2764 constat.
309 2738 343 2745 -
373 2698 494 2763 Verum
519 2699 603 2783 quod
626 2699 713 2763 haud
737 2700 847 2782 paullo
872 2699 1006 2783 gravius
1030 2722 1099 2764 esse
1120 2697 1239 2771 sentimur,
1281 2702 1283 2721 ⁵

143 2807 203 2870 hoc
236 2811 299 2890 est,
336 2813 372 2871 ut
404 2829 466 2870 non
505 2828 600 2889 posse
632 2828 696 2869 non
730 2827 829 2868 unum
867 2805 987 2869 librum
1020 2806 1169 2890 integrum
1193 2818 1239 2864 cum

143 2911 286 2977 Graecae
310 2918 380 2976 tum
398 2912 532 2976 Latinae
556 2912 644 2994 poesi
670 2911 868 2975 destinatum
888 2932 958 2974 esse
978 2932 1153 2997 arguamus.
1178 2902 1238 2984 Quod

144 3024 192 3083 ut⁴
207 3022 253 3084 ita
281 3043 350 3085 esse
379 3020 568 3104 perspicias,
597 3020 760 3102 perlustra
788 3040 907 3102 quaeso
936 3016 1132 3083 Graecorum
1154 3017 1180 3080 in
1201 3011 1239 3075 h⁰⁰

143 3146 260 3210 genere
288 3127 499 3191 fertilitatem.
541 3126 606 3190 Fac
634 3148 731 3190 unam
763 3130 890 3190 tautum
922 3126 1152 3192 hebdomadam
1174 3115 1240 3204 epicis

143 3255 326 3297 concessam
350 3233 464 3296 fuisse:
489 3238 524 3297 at
547 3232 686 3297 multum
706 3254 782 3296 sane
802 3233 896 3295 unius
916 3234 1086 3317 angustias
1108 3231 1240 3315 lyricorum

143 3343 239 3421 atque
259 3338 475 3422 elegiacorum
495 3345 528 3403 et
549 3339 732 3424 frequentia
755 3339 930 3422 superabat
948 3342 981 3402 et
1000 3336 1178 3404 certissimis
1195 3327 1240 3394 fini-

143 3444 203 3507 bus
228 3443 367 3508 discreta
390 3446 490 3510 notio.
519 3446 566 3509 Vt
584 3446 636 3509 vix
660 3446 822 3510 immerito
841 3446 936 3508 unius
960 3444 1163 3510 hebdomadis
1178 3454 1241 3519 argu·

143 3555 285 3614 mentun]
317 3552 488 3616 credantur
517 3551 650 3635 Callini,
683 3551 886 3633 Archilochi,
915 3551 1063 3636 Tyrtaei,
1093 3537 1241 3617 Mimnermi

142 3656 299 3740 Philetae,
322 3657 608 3740 Hermesianactis,
632 3656 822 3722 Callimachi
843 3657 954 3721 laudes
973 3657 1163 3741 praebuisse,
1181 3653 1241 3716 item·

142 3785 203 3846 que
231 3764 326 3827 unius
356 3765 492 3828 materia
520 3786 536 3826 e
565 3786 681 3828 norem
708 3764 761 3847 qui
790 3765 978 3828 ferebantur
1011 3763 1120 3846 lyricis
1145 3748 1241 3825 Piudlfl⁸

143 3870 237 3934 sociis
262 3871 365 3953 petita
388 3893 466 3934 csse.
503 3870 577 3935 Non
597 3870 701 3956 magis
725 3871 794 3935 fieri
818 3871 963 3954 potuisse
986 3871 1121 3953 videtur,
1142 3864 1203 3952 quin
1217 3875 1242 3919 0¹

141 3976 340 4061 Epicharmi,
359 3976 493 4060 Cratini,
511 3977 687 4062 Eupolidis,
712 3977 953 4061 Aristophanis,
976 3974 1151 4057 Menandri,
1171 3963 1241 4034 Phill-

142 4084 248 4147 monis
290 4085 386 4169 longe
423 4083 642 4147 celeberrimis
680 4084 865 4148 nominibus
905 4083 1031 4148 nullum
1068 4078 1243 4147 omit-teretur:

142 4191 257 4273 quibus
277 4190 361 4274 quod
381 4190 539 4254 sociatum
559 4213 629 4254 esse
649 4191 821 4274 septimum
840 4191 994 4272 dicamus,
1013 4192 1047 4254 in
1065 4192 1153 4254 tanta
1169 4172 1244 4248 mulli·

141 4296 252 4360 tudine
275 4297 441 4361 incertum.
475 4296 597 4371 Quodsi
616 4296 730 4361 comici
754 4297 916 4380 integram
941 4295 1167 4362 hebdomadem
1183 4304 1246 4354 0000

142 4404 278 4486 pabant,
302 4425 365 4466 uon
391 4403 496 4465 minus
520 4402 617 4486 spatii
642 4402 705 4466 sibi
728 4403 908 4486 poscebant
931 4403 1062 4488 tragici,
1087 4396 1204 4466 tametsi
1221 4388 1248 4455 ab
