<?xml version="1.0" encoding="UTF-8"?>
<!DOCTYPE html PUBLIC "-//W3C//DTD XHTML 1.0 Transitional//EN"
    "http://www.w3.org/TR/xhtml1/DTD/xhtml1-transitional.dtd">
<html xmlns="http://www.w3.org/1999/xhtml" xml:lang="en" lang="en">
 <head>
  <title>
</title>
<meta http-equiv="Content-Type" content="text/html;charset=utf-8" />
  <meta name='ocr-system' content='tesseract 3.04.00' />
  <meta name='ocr-capabilities' content='ocr_page ocr_carea ocr_par ocr_line ocrx_word'/>
</head>
<body>
  <div class='ocr_page' id='page_1' title='image "./fridericiritsch01wachgoog_0352.png"; bbox 0 0 2924 5046; ppageno 0'>
   <div class='ocr_carea' id='block_1_1' title="bbox 135 315 1018 392">
    <p class='ocr_par' dir='ltr' id='par_1_1' title="bbox 135 315 1018 392">
     <span class='ocr_line' id='line_1_1' title="bbox 135 315 1018 392; baseline -0.006 -14"><span class='ocrx_word' id='word_1_1' title='bbox 135 315 200 378; x_wconf 82' lang='grc'>326</span> <span class='ocrx_word' id='word_1_2' title='bbox 406 328 646 389; x_wconf 74' lang='lat' dir='ltr'>ovarrsrrouas</span> <span class='ocrx_word' id='word_1_3' title='bbox 671 327 1018 392; x_wconf 60' lang='lat' dir='ltr'>ouonaronooroaa„</span> 
     </span>
    </p>
   </div>
   <div class='ocr_carea' id='block_1_2' title="bbox 134 469 1277 661">
    <p class='ocr_par' dir='ltr' id='par_1_2' title="bbox 134 469 1277 661">
     <span class='ocr_line' id='line_1_2' title="bbox 134 469 1277 556; baseline -0.004 -17"><span class='ocrx_word' id='word_1_4' title='bbox 134 474 437 552; x_wconf 79' lang='lat' dir='ltr'>*l&#39;loupitrnnoc</span> <span class='ocrx_word' id='word_1_5' title='bbox 460 471 761 556; x_wconf 87' lang='lat' dir='ltr'>Pamphilippus</span> <span class='ocrx_word' id='word_1_6' title='bbox 786 469 1044 554; x_wconf 72' lang='lat' dir='ltr'>(Pnuulnlrvslt</span> <span class='ocrx_word' id='word_1_7' title='bbox 1067 470 1194 535; x_wconf 84' lang='lat' dir='ltr'>iuvenis</span> <span class='ocrx_word' id='word_1_8' title='bbox 1216 493 1277 535; x_wconf 89' lang='lat' dir='ltr'>ma·</span> 
     </span>
     <span class='ocr_line' id='line_1_3' title="bbox 178 576 1159 661; baseline -0.004 -16"><span class='ocrx_word' id='word_1_9' title='bbox 178 581 260 645; x_wconf 88' lang='lat' dir='ltr'>ritus</span> <span class='ocrx_word' id='word_1_10' title='bbox 285 579 388 645; x_wconf 81' lang='lat' dir='ltr'>Stichi</span> <span class='ocrx_word' id='word_1_11' title='bbox 412 579 447 642; x_wconf 93' lang='lat' dir='ltr'>in</span> <span class='ocrx_word' id='word_1_12' title='bbox 470 579 638 661; x_wconf 87' lang='lat' dir='ltr'>Palatinis,</span> <span class='ocrx_word' id='word_1_13' title='bbox 662 578 717 661; x_wconf 92' lang='lat' dir='ltr'>qui</span> <span class='ocrx_word' id='word_1_14' title='bbox 740 577 775 641; x_wconf 92' lang='lat' dir='ltr'>in</span> <span class='ocrx_word' id='word_1_15' title='bbox 797 577 1016 641; x_wconf 86' lang='lat' dir='ltr'>Ambrosinno</span> <span class='ocrx_word' id='word_1_16' title='bbox 1040 576 1159 642; x_wconf 89' lang='lat' dir='ltr'>dicitur</span> 
     </span>
    </p>
   </div>
   <div class='ocr_carea' id='block_1_3' title="bbox 134 700 1277 1446">
    <p class='ocr_par' dir='ltr' id='par_1_3' title="bbox 134 700 1277 1002">
     <span class='ocr_line' id='line_1_4' title="bbox 134 700 1277 787; baseline -0.003 -17"><span class='ocrx_word' id='word_1_17' title='bbox 134 704 338 785; x_wconf 69' lang='grc' dir='ltr'>Πάμφιλος</span> <span class='ocrx_word' id='word_1_18' title='bbox 366 702 591 787; x_wconf 82' lang='lat' dir='ltr'><strong>Pamphilus</strong></span> <span class='ocrx_word' id='word_1_19' title='bbox 620 702 843 787; x_wconf 67' lang='lat' dir='ltr'>(Prlrpuvsp</span> <span class='ocrx_word' id='word_1_20' title='bbox 876 706 1007 785; x_wconf 85' lang='lat' dir='ltr'>praeter·</span> <span class='ocrx_word' id='word_1_21' title='bbox 1030 702 1180 767; x_wconf 76' lang='lat' dir='ltr'>Stichum</span> <span class='ocrx_word' id='word_1_22' title='bbox 1209 700 1277 767; x_wconf 88' lang='lat' dir='ltr'>adu·</span> 
     </span>
     <span class='ocr_line' id='line_1_5' title="bbox 178 807 1274 894; baseline -0.003 -18"><span class='ocrx_word' id='word_1_23' title='bbox 178 812 301 876; x_wconf 88' lang='lat' dir='ltr'>lescens</span> <span class='ocrx_word' id='word_1_24' title='bbox 330 809 486 894; x_wconf 82' lang='lat' dir='ltr'>Andriae,</span> <span class='ocrx_word' id='word_1_25' title='bbox 514 809 670 892; x_wconf 77' lang='lat' dir='ltr'>Hecyrae.</span> <span class='ocrx_word' id='word_1_26' title='bbox 716 807 765 874; x_wconf 74' lang='lat' dir='ltr'>Of.</span> <span class='ocrx_word' id='word_1_27' title='bbox 791 808 958 873; x_wconf 80' lang='lat' dir='ltr'><strong>Donatum</strong></span> <span class='ocrx_word' id='word_1_28' title='bbox 987 808 1028 873; x_wconf 88' lang='lat' dir='ltr'>ad</span> <span class='ocrx_word' id='word_1_29' title='bbox 1056 808 1231 893; x_wconf 85' lang='lat' dir='ltr'>Adelphou</span> <span class='ocrx_word' id='word_1_30' title='bbox 1260 808 1274 873; x_wconf 91' lang='lat' dir='ltr'>l</span> 
     </span>
     <span class='ocr_line' id='line_1_6' title="bbox 184 914 686 1002; baseline -0.002 -20"><span class='ocrx_word' id='word_1_31' title='bbox 184 920 212 1001; x_wconf 86' lang='lat'>1,</span> <span class='ocrx_word' id='word_1_32' title='bbox 238 919 252 981; x_wconf 92' lang='lat'>1</span> <span class='ocrx_word' id='word_1_33' title='bbox 281 918 395 1002; x_wconf 84' lang='lat' dir='ltr'>[praef.</span> <span class='ocrx_word' id='word_1_34' title='bbox 420 915 522 982; x_wconf 85' lang='lat' dir='ltr'>Stichi</span> <span class='ocrx_word' id='word_1_35' title='bbox 545 939 575 999; x_wconf 90' lang='lat' dir='ltr'>p.</span> <span class='ocrx_word' id='word_1_36' title='bbox 598 914 686 997; x_wconf 85' lang='lat' dir='ltr'><strong>XII].</strong></span> 
     </span>
    </p>

    <p class='ocr_par' dir='ltr' id='par_1_4' title="bbox 135 1020 1277 1341">
     <span class='ocr_line' id='line_1_7' title="bbox 136 1020 1276 1109; baseline -0.002 -19"><span class='ocrx_word' id='word_1_37' title='bbox 136 1021 379 1106; x_wconf 76' lang='grc' dir='ltr'>*Πανήγυριι</span> <span class='ocrx_word' id='word_1_38' title='bbox 403 1023 615 1108; x_wconf 81' lang='lat' dir='ltr'>Panegyris</span> <span class='ocrx_word' id='word_1_39' title='bbox 635 1020 884 1109; x_wconf 71' lang='lat' dir='ltr'>(Paurrovnlslt</span> <span class='ocrx_word' id='word_1_40' title='bbox 907 1022 1023 1087; x_wconf 89' lang='lat' dir='ltr'>mulier</span> <span class='ocrx_word' id='word_1_41' title='bbox 1041 1023 1162 1087; x_wconf 84' lang='lat' dir='ltr'>marita</span> <span class='ocrx_word' id='word_1_42' title='bbox 1182 1021 1276 1088; x_wconf 85' lang='lat' dir='ltr'>Stich</span> 
     </span>
     <span class='ocr_line' id='line_1_8' title="bbox 179 1128 1223 1213; baseline 0 -17"><span class='ocrx_word' id='word_1_43' title='bbox 179 1132 213 1197; x_wconf 89' lang='lat' dir='ltr'>in</span> <span class='ocrx_word' id='word_1_44' title='bbox 235 1131 328 1195; x_wconf 89' lang='lat' dir='ltr'>libris</span> <span class='ocrx_word' id='word_1_45' title='bbox 351 1130 521 1213; x_wconf 80' lang='lat' dir='ltr'>Palatinis,</span> <span class='ocrx_word' id='word_1_46' title='bbox 545 1151 626 1213; x_wconf 85' lang='lat' dir='ltr'>quac</span> <span class='ocrx_word' id='word_1_47' title='bbox 650 1133 700 1193; x_wconf 87' lang='lat' dir='ltr'>est</span> <span class='ocrx_word' id='word_1_48' title='bbox 722 1128 910 1194; x_wconf 79' lang='lat' dir='ltr'>Philumena</span> <span class='ocrx_word' id='word_1_49' title='bbox 932 1129 967 1194; x_wconf 91' lang='lat' dir='ltr'>in</span> <span class='ocrx_word' id='word_1_50' title='bbox 989 1128 1223 1196; x_wconf 84' lang='lat' dir='ltr'>Ambrosiauo.</span> 
     </span>
     <span class='ocr_line' id='line_1_9' title="bbox 135 1252 1277 1341; baseline -0.004 -19"><span class='ocrx_word' id='word_1_51' title='bbox 135 1258 331 1337; x_wconf 81' lang='grc' dir='ltr'>Πανθηρί(</span> <span class='ocrx_word' id='word_1_52' title='bbox 354 1256 561 1322; x_wconf 91' lang='lat' dir='ltr'>Pantheris</span> <span class='ocrx_word' id='word_1_53' title='bbox 585 1252 809 1341; x_wconf 61' lang='lat' dir='ltr'>(Puuruursh</span> <span class='ocrx_word' id='word_1_54' title='bbox 833 1254 1031 1338; x_wconf 84' lang='lat' dir='ltr'>muliercula,</span> <span class='ocrx_word' id='word_1_55' title='bbox 1055 1253 1141 1337; x_wconf 86' lang='lat' dir='ltr'>apud</span> <span class='ocrx_word' id='word_1_56' title='bbox 1165 1252 1277 1318; x_wconf 87' lang='lat' dir='ltr'>Varro</span> 
     </span>
    </p>

    <p class='ocr_par' dir='ltr' id='par_1_5' title="bbox 179 1360 917 1446">
     <span class='ocr_line' id='line_1_10' title="bbox 179 1360 917 1446; baseline -0.004 -19"><span class='ocrx_word' id='word_1_57' title='bbox 179 1386 252 1427; x_wconf 81' lang='lat' dir='ltr'>neni</span> <span class='ocrx_word' id='word_1_58' title='bbox 277 1386 374 1446; x_wconf 86' lang='lat' dir='ltr'>supra</span> <span class='ocrx_word' id='word_1_59' title='bbox 397 1365 683 1427; x_wconf 81' lang='lat' dir='ltr'>commemoratum</span> <span class='ocrx_word' id='word_1_60' title='bbox 708 1360 767 1425; x_wconf 90' lang='lat' dir='ltr'>sub</span> <span class='ocrx_word' id='word_1_61' title='bbox 791 1361 917 1425; x_wconf 82' lang='grc' dir='ltr'>Λέαινα.</span> 
     </span>
    </p>
   </div>
   <div class='ocr_carea' id='block_1_4' title="bbox 138 1465 1277 1549">
    <p class='ocr_par' dir='ltr' id='par_1_6' title="bbox 138 1465 1277 1549">
     <span class='ocr_line' id='line_1_11' title="bbox 138 1465 1277 1549; baseline -0.005 -14"><span class='ocrx_word' id='word_1_62' title='bbox 138 1470 395 1549; x_wconf 82' lang='grc' dir='ltr'>ΙΠανταλέων</span> <span class='ocrx_word' id='word_1_63' title='bbox 423 1468 623 1532; x_wconf 85' lang='lat' dir='ltr'>Pantaloo:</span> <span class='ocrx_word' id='word_1_64' title='bbox 654 1466 750 1531; x_wconf 88' lang='lat' dir='ltr'>nihili</span> <span class='ocrx_word' id='word_1_65' title='bbox 776 1489 894 1531; x_wconf 88' lang='lat' dir='ltr'>nomeu</span> <span class='ocrx_word' id='word_1_66' title='bbox 922 1467 1051 1532; x_wconf 84' lang='lat' dir='ltr'>fabulae</span> <span class='ocrx_word' id='word_1_67' title='bbox 1074 1467 1220 1549; x_wconf 76' lang='lat' dir='ltr'>Afranii,</span> <span class='ocrx_word' id='word_1_68' title='bbox 1247 1465 1277 1530; x_wconf 88' lang='lat' dir='ltr'><strong>H</strong></span> 
     </span>
    </p>
   </div>
   <div class='ocr_carea' id='block_1_5' title="bbox 137 1571 1277 1868">
    <p class='ocr_par' dir='ltr' id='par_1_7' title="bbox 137 1571 1277 1868">
     <span class='ocr_line' id='line_1_12' title="bbox 179 1571 1277 1657; baseline -0.004 -18"><span class='ocrx_word' id='word_1_69' title='bbox 179 1576 265 1639; x_wconf 90' lang='lat' dir='ltr'>luuii</span> <span class='ocrx_word' id='word_1_70' title='bbox 295 1574 481 1639; x_wconf 85' lang='lat' dir='ltr'>coniectura</span> <span class='ocrx_word' id='word_1_71' title='bbox 511 1579 632 1638; x_wconf 90' lang='lat' dir='ltr'>natum.</span> <span class='ocrx_word' id='word_1_72' title='bbox 677 1572 759 1638; x_wconf 89' lang='lat' dir='ltr'>Vide</span> <span class='ocrx_word' id='word_1_73' title='bbox 783 1571 998 1637; x_wconf 81' lang='lat' dir='ltr'>Ribbeckium</span> <span class='ocrx_word' id='word_1_74' title='bbox 1022 1572 1233 1638; x_wconf 78' lang='lat' dir='ltr'>Comicorum</span> <span class='ocrx_word' id='word_1_75' title='bbox 1257 1595 1277 1657; x_wconf 89' lang='lat' dir='ltr'>p</span> 
     </span>
     <span class='ocr_line' id='line_1_13' title="bbox 185 1679 923 1763; baseline -0.003 -19"><span class='ocrx_word' id='word_1_76' title='bbox 185 1682 256 1759; x_wconf 76' lang='lat'>165,</span> <span class='ocrx_word' id='word_1_77' title='bbox 280 1679 320 1743; x_wconf 92' lang='lat' dir='ltr'>H.</span> <span class='ocrx_word' id='word_1_78' title='bbox 345 1679 487 1745; x_wconf 90' lang='lat' dir='ltr'>Keilium</span> <span class='ocrx_word' id='word_1_79' title='bbox 511 1681 550 1744; x_wconf 85' lang='lat' dir='ltr'>ad</span> <span class='ocrx_word' id='word_1_80' title='bbox 574 1679 758 1745; x_wconf 77' lang='lat' dir='ltr'>Charisium</span> <span class='ocrx_word' id='word_1_81' title='bbox 782 1703 812 1763; x_wconf 91' lang='lat' dir='ltr'>p.</span> <span class='ocrx_word' id='word_1_82' title='bbox 839 1679 923 1758; x_wconf 69' lang='lat' dir='ltr'>llo]</span> 
     </span>
     <span class='ocr_line' id='line_1_14' title="bbox 137 1784 985 1868; baseline -0.002 -15"><span class='ocrx_word' id='word_1_83' title='bbox 137 1788 406 1868; x_wconf 76' lang='lat' dir='ltr'>*l&#39;lcphalican</span> <span class='ocrx_word' id='word_1_84' title='bbox 430 1785 672 1850; x_wconf 82' lang='lat' dir='ltr'>Pardalisca:</span> <span class='ocrx_word' id='word_1_85' title='bbox 695 1786 815 1850; x_wconf 89' lang='lat' dir='ltr'>ancilla</span> <span class='ocrx_word' id='word_1_86' title='bbox 839 1784 985 1851; x_wconf 79' lang='lat' dir='ltr'>casinae.</span> 
     </span>
    </p>
   </div>
   <div class='ocr_carea' id='block_1_6' title="bbox 136 1908 1278 2101">
    <p class='ocr_par' dir='ltr' id='par_1_8' title="bbox 136 1908 1278 2101">
     <span class='ocr_line' id='line_1_15' title="bbox 136 1908 1278 1994; baseline -0.003 -15"><span class='ocrx_word' id='word_1_87' title='bbox 136 1914 351 1991; x_wconf 85' lang='grc' dir='ltr'>Παρμένων</span> <span class='ocrx_word' id='word_1_88' title='bbox 380 1908 578 1974; x_wconf 85' lang='lat' dir='ltr'>Parmeno:</span> <span class='ocrx_word' id='word_1_89' title='bbox 611 1932 722 1973; x_wconf 87' lang='lat' dir='ltr'>servus</span> <span class='ocrx_word' id='word_1_90' title='bbox 754 1908 917 1994; x_wconf 83' lang='lat' dir='ltr'>Eunuchi,</span> <span class='ocrx_word' id='word_1_91' title='bbox 947 1909 1111 1994; x_wconf 70' lang='lat' dir='ltr'>Hecyrae:</span> <span class='ocrx_word' id='word_1_92' title='bbox 1142 1948 1182 1958; x_wconf 95' lang='lat'><em>-</em></span> <span class='ocrx_word' id='word_1_93' title='bbox 1208 1911 1278 1976; x_wconf 87' lang='lat' dir='ltr'>iten</span> 
     </span>
     <span class='ocr_line' id='line_1_16' title="bbox 184 2016 1277 2101; baseline 0.001 -20"><span class='ocrx_word' id='word_1_94' title='bbox 184 2041 279 2083; x_wconf 89' lang='lat' dir='ltr'>versu</span> <span class='ocrx_word' id='word_1_95' title='bbox 302 2017 453 2081; x_wconf 87' lang='lat' dir='ltr'>Plautino</span> <span class='ocrx_word' id='word_1_96' title='bbox 483 2017 522 2080; x_wconf 86' lang='lat' dir='ltr'>ad</span> <span class='ocrx_word' id='word_1_97' title='bbox 548 2016 629 2081; x_wconf 77' lang='grc' dir='ltr'>Κίλιξ</span> <span class='ocrx_word' id='word_1_98' title='bbox 654 2020 918 2098; x_wconf 70' lang='lat' dir='ltr'>commemorato:</span> <span class='ocrx_word' id='word_1_99' title='bbox 946 2053 983 2062; x_wconf 98' lang='lat'>—</span> <span class='ocrx_word' id='word_1_100' title='bbox 1009 2017 1087 2080; x_wconf 87' lang='lat' dir='ltr'>item</span> <span class='ocrx_word' id='word_1_101' title='bbox 1111 2016 1277 2101; x_wconf 76' lang='lat' dir='ltr'>Adelphos</span> 
     </span>
    </p>
   </div>
   <div class='ocr_carea' id='block_1_7' title="bbox 181 2122 1277 2313">
    <p class='ocr_par' dir='ltr' id='par_1_9' title="bbox 181 2122 1277 2313">
     <span class='ocr_line' id='line_1_17' title="bbox 181 2122 1277 2209; baseline 0.001 -22"><span class='ocrx_word' id='word_1_102' title='bbox 181 2123 227 2207; x_wconf 83' lang='grc' dir='ltr'>ΙΙ,</span> <span class='ocrx_word' id='word_1_103' title='bbox 258 2127 290 2207; x_wconf 86' lang='lat'>1,</span> <span class='ocrx_word' id='word_1_104' title='bbox 320 2124 361 2187; x_wconf 82' lang='lat'>14</span> <span class='ocrx_word' id='word_1_105' title='bbox 384 2122 492 2209; x_wconf 79' lang='grc'><strong>(168);</strong></span> <span class='ocrx_word' id='word_1_106' title='bbox 519 2161 561 2168; x_wconf 83' lang='grc'><strong>-</strong></span> <span class='ocrx_word' id='word_1_107' title='bbox 585 2123 806 2201; x_wconf 76' lang='lat' dir='ltr'>Parmenoan</span> <span class='ocrx_word' id='word_1_108' title='bbox 834 2124 908 2206; x_wconf 72' lang='lat' dir='ltr'>Syri</span> <span class='ocrx_word' id='word_1_109' title='bbox 941 2124 1056 2188; x_wconf 84' lang='lat' dir='ltr'>sociati</span> <span class='ocrx_word' id='word_1_110' title='bbox 1086 2122 1277 2188; x_wconf 85' lang='lat' dir='ltr'>Bacchiduu</span> 
     </span>
     <span class='ocr_line' id='line_1_18' title="bbox 182 2228 1137 2313; baseline -0.001 -20"><span class='ocrx_word' id='word_1_111' title='bbox 182 2228 239 2313; x_wconf 88' lang='lat' dir='ltr'>IV,</span> <span class='ocrx_word' id='word_1_112' title='bbox 261 2230 292 2310; x_wconf 84' lang='lat'>4,</span> <span class='ocrx_word' id='word_1_113' title='bbox 316 2229 333 2292; x_wconf 76' lang='lat'><strong>7</strong></span> <span class='ocrx_word' id='word_1_114' title='bbox 360 2228 467 2313; x_wconf 81' lang='lat'>(649):</span> <span class='ocrx_word' id='word_1_115' title='bbox 491 2229 531 2293; x_wconf 89' lang='lat' dir='ltr'>cf.</span> <span class='ocrx_word' id='word_1_116' title='bbox 554 2229 720 2294; x_wconf 88' lang='lat' dir='ltr'>Donatum</span> <span class='ocrx_word' id='word_1_117' title='bbox 744 2229 784 2293; x_wconf 89' lang='lat' dir='ltr'>ad</span> <span class='ocrx_word' id='word_1_118' title='bbox 808 2228 980 2312; x_wconf 81' lang='lat' dir='ltr'>Adelphon</span> <span class='ocrx_word' id='word_1_119' title='bbox 1003 2229 1029 2311; x_wconf 76' lang='grc' dir='ltr'>Ι,</span> <span class='ocrx_word' id='word_1_120' title='bbox 1056 2231 1082 2311; x_wconf 85' lang='grc'>1,</span> <span class='ocrx_word' id='word_1_121' title='bbox 1110 2231 1137 2293; x_wconf 96' lang='grc'>1.</span> 
     </span>
    </p>
   </div>
   <div class='ocr_carea' id='block_1_8' title="bbox 138 2351 1277 2547">
    <p class='ocr_par' dir='ltr' id='par_1_10' title="bbox 138 2351 1277 2547">
     <span class='ocr_line' id='line_1_19' title="bbox 138 2351 1277 2437; baseline -0.001 -17"><span class='ocrx_word' id='word_1_122' title='bbox 138 2354 384 2434; x_wconf 79' lang='grc' dir='ltr'>*Παειβούλη</span> <span class='ocrx_word' id='word_1_123' title='bbox 418 2353 621 2419; x_wconf 89' lang='lat' dir='ltr'>Pasibula:</span> <span class='ocrx_word' id='word_1_124' title='bbox 660 2354 914 2437; x_wconf 84' lang='lat' dir='ltr'>adulescentula,</span> <span class='ocrx_word' id='word_1_125' title='bbox 946 2353 1088 2417; x_wconf 83' lang='lat' dir='ltr'>Andriae</span> <span class='ocrx_word' id='word_1_126' title='bbox 1113 2351 1151 2437; x_wconf 89' lang='lat' dir='ltr'>V,</span> <span class='ocrx_word' id='word_1_127' title='bbox 1180 2355 1216 2436; x_wconf 81' lang='lat'>4,</span> <span class='ocrx_word' id='word_1_128' title='bbox 1243 2356 1277 2419; x_wconf 79' lang='lat'>4:</span> 
     </span>
     <span class='ocr_line' id='line_1_20' title="bbox 183 2458 1277 2547; baseline -0.003 -22"><span class='ocrx_word' id='word_1_129' title='bbox 183 2458 287 2547; x_wconf 80' lang='lat'><strong>(946).</strong></span> <span class='ocrx_word' id='word_1_130' title='bbox 330 2459 393 2525; x_wconf 80' lang='lat' dir='ltr'>Sed</span> <span class='ocrx_word' id='word_1_131' title='bbox 416 2461 445 2525; x_wconf 91' lang='lat' dir='ltr'>ei</span> <span class='ocrx_word' id='word_1_132' title='bbox 469 2462 577 2527; x_wconf 81' lang='lat' dir='ltr'>versui</span> <span class='ocrx_word' id='word_1_133' title='bbox 601 2466 637 2525; x_wconf 91' lang='lat' dir='ltr'>ut</span> <span class='ocrx_word' id='word_1_134' title='bbox 659 2462 785 2525; x_wconf 88' lang='lat' dir='ltr'>numeri</span> <span class='ocrx_word' id='word_1_135' title='bbox 809 2463 967 2541; x_wconf 82' lang='lat' dir='ltr'>constent,</span> <span class='ocrx_word' id='word_1_136' title='bbox 990 2459 1118 2543; x_wconf 87' lang='lat' dir='ltr'>quando</span> <span class='ocrx_word' id='word_1_137' title='bbox 1143 2481 1163 2522; x_wconf 88' lang='lat' dir='ltr'>a</span> <span class='ocrx_word' id='word_1_138' title='bbox 1187 2458 1277 2523; x_wconf 89' lang='lat' dir='ltr'>Bent</span> 
     </span>
    </p>
   </div>
   <div class='ocr_carea' id='block_1_9' title="bbox 141 2564 1277 3711">
    <p class='ocr_par' dir='ltr' id='par_1_11' title="bbox 141 2564 1277 3711">
     <span class='ocr_line' id='line_1_21' title="bbox 183 2564 1277 2651; baseline -0.005 -21"><span class='ocrx_word' id='word_1_139' title='bbox 183 2566 246 2630; x_wconf 85' lang='lat' dir='ltr'>laio</span> <span class='ocrx_word' id='word_1_140' title='bbox 268 2567 412 2650; x_wconf 88' lang='lat' dir='ltr'>positum</span> <span class='ocrx_word' id='word_1_141' title='bbox 432 2567 583 2632; x_wconf 76' lang='lat' dir='ltr'>Pasibula</span> <span class='ocrx_word' id='word_1_142' title='bbox 605 2568 675 2630; x_wconf 89' lang='lat' dir='ltr'>sino</span> <span class='ocrx_word' id='word_1_143' title='bbox 699 2571 743 2631; x_wconf 80' lang='lat' dir='ltr'>cst</span> <span class='ocrx_word' id='word_1_144' title='bbox 760 2567 908 2651; x_wconf 88' lang='lat' dir='ltr'>repudiat</span> <span class='ocrx_word' id='word_1_145' title='bbox 928 2588 1033 2630; x_wconf 88' lang='lat' dir='ltr'>sermo</span> <span class='ocrx_word' id='word_1_146' title='bbox 1053 2564 1208 2649; x_wconf 88' lang='lat' dir='ltr'>comicus,</span> <span class='ocrx_word' id='word_1_147' title='bbox 1231 2582 1277 2631; x_wconf 73' lang='lat' dir='ltr'>aul</span> 
     </span>
     <span class='ocr_line' id='line_1_22' title="bbox 183 2671 1273 2765; baseline 0 -28"><span class='ocrx_word' id='word_1_148' title='bbox 183 2672 269 2737; x_wconf 91' lang='lat' dir='ltr'>aliud</span> <span class='ocrx_word' id='word_1_149' title='bbox 291 2695 408 2738; x_wconf 90' lang='lat' dir='ltr'>nomen</span> <span class='ocrx_word' id='word_1_150' title='bbox 433 2695 505 2738; x_wconf 90' lang='lat' dir='ltr'>curn</span> <span class='ocrx_word' id='word_1_151' title='bbox 524 2671 733 2737; x_wconf 81' lang='lat' dir='ltr'>Fleckeiseno</span> <span class='ocrx_word' id='word_1_152' title='bbox 757 2672 1018 2737; x_wconf 90' lang='lat' dir='ltr'>substituendum</span> <span class='ocrx_word' id='word_1_153' title='bbox 1041 2672 1103 2737; x_wconf 90' lang='lat' dir='ltr'>hoc</span> <span class='ocrx_word' id='word_1_154' title='bbox 1123 2673 1273 2765; x_wconf 79' lang='lat' dir='ltr'>exemplo</span> 
     </span>
     <span class='ocr_line' id='line_1_23' title="bbox 183 2778 1260 2863; baseline -0.003 -19"><span class='ocrx_word' id='word_1_155' title='bbox 183 2779 257 2845; x_wconf 86' lang='lat' dir='ltr'>Non</span> <span class='ocrx_word' id='word_1_156' title='bbox 275 2780 391 2862; x_wconf 75' lang='lat' dir='ltr'>patiar.</span> <span class='ocrx_word' id='word_1_157' title='bbox 414 2781 501 2858; x_wconf 78' lang='lat' dir='ltr'>lacus,</span> <span class='ocrx_word' id='word_1_158' title='bbox 530 2779 688 2856; x_wconf 71' lang='lat' dir='ltr'>carent,</span> <span class='ocrx_word' id='word_1_159' title='bbox 714 2780 796 2861; x_wconf 79' lang='lat' dir='ltr'>qaod</span> <span class='ocrx_word' id='word_1_160' title='bbox 816 2781 952 2863; x_wconf 68' lang='lat' dir='ltr'>preceris,</span> <span class='ocrx_word' id='word_1_161' title='bbox 980 2778 1260 2860; x_wconf 78' lang='lat' dir='ltr'>Pasiplrilart:</span> 
     </span>
     <span class='ocr_line' id='line_1_24' title="bbox 185 2884 1274 2972; baseline 0 -23"><span class='ocrx_word' id='word_1_162' title='bbox 185 2886 288 2968; x_wconf 48' lang='lat' dir='ltr'>sinant.</span> <span class='ocrx_word' id='word_1_163' title='bbox 308 2909 337 2949; x_wconf 91' lang='lat'>::</span> <span class='ocrx_word' id='word_1_164' title='bbox 356 2892 420 2951; x_wconf 80' lang='lat' dir='ltr'>cust</span> <span class='ocrx_word' id='word_1_165' title='bbox 450 2884 551 2972; x_wconf 88' lang='lat' dir='ltr'>(quod</span> <span class='ocrx_word' id='word_1_166' title='bbox 574 2884 736 2951; x_wconf 78' lang='lat' dir='ltr'>PAS1P1LA</span> <span class='ocrx_word' id='word_1_167' title='bbox 768 2886 924 2969; x_wconf 87' lang='lat' dir='ltr'>scripturn</span> <span class='ocrx_word' id='word_1_168' title='bbox 955 2887 1088 2970; x_wconf 89' lang='lat' dir='ltr'>antique</span> <span class='ocrx_word' id='word_1_169' title='bbox 1118 2889 1171 2948; x_wconf 86' lang='lat' dir='ltr'>sot</span> <span class='ocrx_word' id='word_1_170' title='bbox 1201 2907 1274 2950; x_wconf 89' lang='lat' dir='ltr'>com</span> 
     </span>
     <span class='ocr_line' id='line_1_25' title="bbox 183 2990 1274 3076; baseline 0 -22"><span class='ocrx_word' id='word_1_171' title='bbox 183 2990 276 3055; x_wconf 81' lang='lat' dir='ltr'>ruodo</span> <span class='ocrx_word' id='word_1_172' title='bbox 298 2992 499 3076; x_wconf 79' lang='lat' dir='ltr'>intellegitur</span> <span class='ocrx_word' id='word_1_173' title='bbox 523 2991 682 3076; x_wconf 89' lang='lat' dir='ltr'>quomodo</span> <span class='ocrx_word' id='word_1_174' title='bbox 706 2992 844 3056; x_wconf 89' lang='lat' dir='ltr'>transire</span> <span class='ocrx_word' id='word_1_175' title='bbox 865 2993 900 3055; x_wconf 89' lang='lat' dir='ltr'>iu</span> <span class='ocrx_word' id='word_1_176' title='bbox 918 2992 1095 3058; x_wconf 74' lang='lat' dir='ltr'>Prsrnvaa</span> <span class='ocrx_word' id='word_1_177' title='bbox 1115 2990 1274 3074; x_wconf 87' lang='lat' dir='ltr'>potuerit)</span> 
     </span>
     <span class='ocr_line' id='line_1_26' title="bbox 184 3097 1277 3164; baseline 0 -1"><span class='ocrx_word' id='word_1_178' title='bbox 184 3102 242 3163; x_wconf 85' lang='lat' dir='ltr'>aut</span> <span class='ocrx_word' id='word_1_179' title='bbox 272 3097 346 3162; x_wconf 83' lang='lat' dir='ltr'>heus</span> <span class='ocrx_word' id='word_1_180' title='bbox 373 3099 406 3161; x_wconf 90' lang='lat' dir='ltr'>in</span> <span class='ocrx_word' id='word_1_181' title='bbox 433 3098 501 3162; x_wconf 79' lang='lat' dir='ltr'>hara</span> <span class='ocrx_word' id='word_1_182' title='bbox 530 3099 579 3161; x_wconf 84' lang='lat' dir='ltr'>vol</span> <span class='ocrx_word' id='word_1_183' title='bbox 609 3099 728 3162; x_wconf 88' lang='lat' dir='ltr'>rectius</span> <span class='ocrx_word' id='word_1_184' title='bbox 751 3119 797 3162; x_wconf 83' lang='lat' dir='ltr'>cra</span> <span class='ocrx_word' id='word_1_185' title='bbox 820 3100 840 3164; x_wconf 92' lang='lat' dir='ltr'>i.</span> <span class='ocrx_word' id='word_1_186' title='bbox 865 3121 890 3162; x_wconf 87' lang='lat' dir='ltr'>e.</span> <span class='ocrx_word' id='word_1_187' title='bbox 912 3120 950 3163; x_wconf 82' lang='lat' dir='ltr'>ca</span> <span class='ocrx_word' id='word_1_188' title='bbox 973 3098 1179 3164; x_wconf 88' lang='lat' dir='ltr'>mutandum:</span> <span class='ocrx_word' id='word_1_189' title='bbox 1214 3100 1277 3164; x_wconf 79' lang='lat' dir='ltr'>Nor</span> 
     </span>
     <span class='ocr_line' id='line_1_27' title="bbox 180 3202 1277 3288; baseline 0.002 -19"><span class='ocrx_word' id='word_1_190' title='bbox 180 3205 296 3287; x_wconf 71' lang='lat' dir='ltr'>pattiar.</span> <span class='ocrx_word' id='word_1_191' title='bbox 319 3224 375 3281; x_wconf 71' lang='lat' dir='ltr'>aar,</span> <span class='ocrx_word' id='word_1_192' title='bbox 394 3202 546 3287; x_wconf 77' lang='lat' dir='ltr'>Ohreorct,</span> <span class='ocrx_word' id='word_1_193' title='bbox 565 3204 647 3285; x_wconf 69' lang='lat' dir='ltr'>prend</span> <span class='ocrx_word' id='word_1_194' title='bbox 658 3205 798 3284; x_wconf 71' lang='lat' dir='ltr'>preceris:</span> <span class='ocrx_word' id='word_1_195' title='bbox 821 3203 980 3268; x_wconf 77' lang='lat' dir='ltr'>Pasibula.</span> <span class='ocrx_word' id='word_1_196' title='bbox 1000 3229 1029 3268; x_wconf 93' lang='lat'>::</span> <span class='ocrx_word' id='word_1_197' title='bbox 1049 3205 1155 3288; x_wconf 54' lang='grc' dir='ltr'>ἐννόει.</span> <span class='ocrx_word' id='word_1_198' title='bbox 1170 3229 1178 3268; x_wconf 96' lang='lat'>:</span> <span class='ocrx_word' id='word_1_199' title='bbox 1194 3229 1201 3268; x_wconf 95' lang='lat'>:</span> <span class='ocrx_word' id='word_1_200' title='bbox 1216 3212 1277 3271; x_wconf 80' lang='lat' dir='ltr'>caat</span> 
     </span>
     <span class='ocr_line' id='line_1_28' title="bbox 183 3308 1277 3396; baseline 0.003 -22"><span class='ocrx_word' id='word_1_201' title='bbox 183 3310 229 3374; x_wconf 87' lang='lat' dir='ltr'>Et</span> <span class='ocrx_word' id='word_1_202' title='bbox 260 3308 426 3373; x_wconf 82' lang='lat' dir='ltr'>fatendum</span> <span class='ocrx_word' id='word_1_203' title='bbox 459 3312 509 3372; x_wconf 84' lang='lat' dir='ltr'>est</span> <span class='ocrx_word' id='word_1_204' title='bbox 539 3309 601 3392; x_wconf 90' lang='lat' dir='ltr'>ipsi</span> <span class='ocrx_word' id='word_1_205' title='bbox 632 3308 706 3373; x_wconf 73' lang='lat' dir='ltr'>locus</span> <span class='ocrx_word' id='word_1_206' title='bbox 736 3310 867 3373; x_wconf 89' lang='lat' dir='ltr'>voculae</span> <span class='ocrx_word' id='word_1_207' title='bbox 896 3333 1009 3393; x_wconf 90' lang='lat' dir='ltr'>parum</span> <span class='ocrx_word' id='word_1_208' title='bbox 1038 3315 1151 3396; x_wconf 89' lang='lat' dir='ltr'>aptum</span> <span class='ocrx_word' id='word_1_209' title='bbox 1181 3312 1277 3377; x_wconf 87' lang='lat' dir='ltr'>locun</span> 
     </span>
     <span class='ocr_line' id='line_1_29' title="bbox 184 3415 1277 3503; baseline -0.001 -23"><span class='ocrx_word' id='word_1_210' title='bbox 184 3437 268 3500; x_wconf 85' lang='lat' dir='ltr'>esse,</span> <span class='ocrx_word' id='word_1_211' title='bbox 295 3437 368 3480; x_wconf 92' lang='lat' dir='ltr'>cum</span> <span class='ocrx_word' id='word_1_212' title='bbox 397 3419 580 3499; x_wconf 81' lang='lat' dir='ltr'>portatam</span> <span class='ocrx_word' id='word_1_213' title='bbox 603 3415 668 3479; x_wconf 87' lang='lat' dir='ltr'>iarn</span> <span class='ocrx_word' id='word_1_214' title='bbox 691 3437 839 3479; x_wconf 84' lang='lat' dir='ltr'>scaenam</span> <span class='ocrx_word' id='word_1_215' title='bbox 862 3416 1017 3481; x_wconf 74' lang='lat' dir='ltr'>Chremes</span> <span class='ocrx_word' id='word_1_216' title='bbox 1040 3421 1074 3481; x_wconf 90' lang='lat' dir='ltr'>et</span> <span class='ocrx_word' id='word_1_217' title='bbox 1096 3417 1277 3503; x_wconf 72' lang='lat' dir='ltr'>Pamphilu:</span> 
     </span>
     <span class='ocr_line' id='line_1_30' title="bbox 184 3521 503 3607; baseline -0.006 -21"><span class='ocrx_word' id='word_1_218' title='bbox 184 3543 285 3607; x_wconf 88' lang='lat' dir='ltr'>prope</span> <span class='ocrx_word' id='word_1_219' title='bbox 309 3521 503 3586; x_wconf 88' lang='lat' dir='ltr'>adstiterint.</span> 
     </span>
     <span class='ocr_line' id='line_1_31' title="bbox 141 3627 1076 3711; baseline 0 -17"><span class='ocrx_word' id='word_1_220' title='bbox 141 3627 389 3709; x_wconf 76' lang='grc' dir='ltr'>*Παιικόμψη</span> <span class='ocrx_word' id='word_1_221' title='bbox 413 3627 676 3711; x_wconf 84' lang='lat' dir='ltr'>Pasicompsa:</span> <span class='ocrx_word' id='word_1_222' title='bbox 700 3629 851 3693; x_wconf 81' lang='lat' dir='ltr'>meretrix</span> <span class='ocrx_word' id='word_1_223' title='bbox 875 3627 1076 3694; x_wconf 86' lang='lat' dir='ltr'>Mercatoris.</span> 
     </span>
    </p>
   </div>
   <div class='ocr_carea' id='block_1_10' title="bbox 140 3750 1275 4054">
    <p class='ocr_par' dir='ltr' id='par_1_12' title="bbox 140 3750 1275 4054">
     <span class='ocr_line' id='line_1_32' title="bbox 140 3750 1275 3838; baseline 0 -18"><span class='ocrx_word' id='word_1_224' title='bbox 140 3753 388 3833; x_wconf 76' lang='grc' dir='ltr'>Παυιίμαχο(</span> <span class='ocrx_word' id='word_1_225' title='bbox 417 3751 698 3816; x_wconf 81' lang='lat' dir='ltr'>Pausimachus</span> <span class='ocrx_word' id='word_1_226' title='bbox 722 3750 991 3838; x_wconf 72' lang='lat' dir='ltr'>(anslnucvs):</span> <span class='ocrx_word' id='word_1_227' title='bbox 1019 3753 1130 3818; x_wconf 87' lang='lat' dir='ltr'>fabula</span> <span class='ocrx_word' id='word_1_228' title='bbox 1154 3754 1275 3826; x_wconf 79' lang='lat' dir='ltr'>Caecili</span> 
     </span>
     <span class='ocr_line' id='line_1_33' title="bbox 208 3860 338 3924; baseline 0 0"><span class='ocrx_word' id='word_1_229' title='bbox 208 3910 215 3924; x_wconf 89' lang='lat'><strong>.</strong></span> <span class='ocrx_word' id='word_1_230' title='bbox 238 3861 259 3923; x_wconf 93' lang='grc'><strong>4</strong></span> <span class='ocrx_word' id='word_1_231' title='bbox 301 3860 338 3924; x_wconf 84' lang='lat' dir='ltr'>R.</span> 
     </span>
     <span class='ocr_line' id='line_1_34' title="bbox 141 3861 1168 4054; baseline -0.001 -21"><span class='ocrx_word' id='word_1_232' title='bbox 141 3861 332 4042; x_wconf 54' lang='grc' dir='ltr'>Περλάῗων</span> <span class='ocrx_word' id='word_1_233' title='bbox 355 3967 513 4051; x_wconf 81' lang='lat' dir='ltr'>Pelago:</span> <span class='ocrx_word' id='word_1_234' title='bbox 537 3988 632 4031; x_wconf 85' lang='lat' dir='ltr'>senex</span> <span class='ocrx_word' id='word_1_235' title='bbox 656 3965 852 4032; x_wconf 90' lang='lat' dir='ltr'>Bacchidum</span> <span class='ocrx_word' id='word_1_236' title='bbox 876 3966 918 4049; x_wconf 87' lang='lat' dir='ltr'>ll,</span> <span class='ocrx_word' id='word_1_237' title='bbox 941 3968 972 4050; x_wconf 86' lang='lat'>3,</span> <span class='ocrx_word' id='word_1_238' title='bbox 995 3968 1037 4032; x_wconf 79' lang='lat'>28</span> <span class='ocrx_word' id='word_1_239' title='bbox 1061 3966 1168 4054; x_wconf 78' lang='lat'><strong>(262).</strong></span> 
     </span>
    </p>
   </div>
   <div class='ocr_carea' id='block_1_11' title="bbox 141 4090 1277 4497">
    <p class='ocr_par' dir='ltr' id='par_1_13' title="bbox 141 4090 1277 4390">
     <span class='ocr_line' id='line_1_35' title="bbox 141 4090 1277 4176; baseline -0.004 -19"><span class='ocrx_word' id='word_1_240' title='bbox 141 4091 504 4171; x_wconf 77' lang='grc' dir='ltr'>*Περιπλειιόμενοι</span> <span class='ocrx_word' id='word_1_241' title='bbox 522 4091 874 4174; x_wconf 87' lang='lat' dir='ltr'>Peripleoomonus:</span> <span class='ocrx_word' id='word_1_242' title='bbox 894 4113 991 4156; x_wconf 88' lang='lat' dir='ltr'>senex</span> <span class='ocrx_word' id='word_1_243' title='bbox 1006 4090 1123 4155; x_wconf 86' lang='lat' dir='ltr'>Militis</span> <span class='ocrx_word' id='word_1_244' title='bbox 1143 4091 1277 4176; x_wconf 78' lang='lat' dir='ltr'>gloriosi.</span> 
     </span>
     <span class='ocr_line' id='line_1_36' title="bbox 187 4196 1277 4281; baseline -0.001 -18"><span class='ocrx_word' id='word_1_245' title='bbox 187 4197 247 4264; x_wconf 83' lang='lat' dir='ltr'>Cui</span> <span class='ocrx_word' id='word_1_246' title='bbox 275 4220 385 4262; x_wconf 90' lang='lat' dir='ltr'>verum</span> <span class='ocrx_word' id='word_1_247' title='bbox 413 4219 529 4262; x_wconf 89' lang='lat' dir='ltr'>nomen</span> <span class='ocrx_word' id='word_1_248' title='bbox 558 4202 647 4263; x_wconf 88' lang='lat' dir='ltr'>certa</span> <span class='ocrx_word' id='word_1_249' title='bbox 672 4196 897 4261; x_wconf 80' lang='lat' dir='ltr'>emendatione</span> <span class='ocrx_word' id='word_1_250' title='bbox 920 4219 979 4280; x_wconf 87' lang='lat' dir='ltr'>pro</span> <span class='ocrx_word' id='word_1_251' title='bbox 1008 4198 1127 4263; x_wconf 91' lang='lat' dir='ltr'>vitioso</span> <span class='ocrx_word' id='word_1_252' title='bbox 1152 4198 1277 4281; x_wconf 68' lang='lat' dir='ltr'>Peripla-</span> 
     </span>
     <span class='ocr_line' id='line_1_37' title="bbox 185 4304 1174 4390; baseline -0.003 -20"><span class='ocrx_word' id='word_1_253' title='bbox 185 4310 331 4370; x_wconf 67' lang='lat' dir='ltr'>cannas</span> <span class='ocrx_word' id='word_1_254' title='bbox 353 4304 482 4370; x_wconf 85' lang='lat' dir='ltr'>restitui</span> <span class='ocrx_word' id='word_1_255' title='bbox 506 4304 762 4390; x_wconf 80' lang='lat' dir='ltr'>l‘rolegomenon</span> <span class='ocrx_word' id='word_1_256' title='bbox 786 4327 817 4387; x_wconf 89' lang='lat' dir='ltr'>p.</span> <span class='ocrx_word' id='word_1_257' title='bbox 840 4321 1010 4368; x_wconf 79' lang='lat' dir='ltr'>nxxxvnl.</span> <span class='ocrx_word' id='word_1_258' title='bbox 1165 4374 1174 4390; x_wconf 45' lang='grc'>,</span> 
     </span>
    </p>

    <p class='ocr_par' dir='ltr' id='par_1_14' title="bbox 143 4409 1277 4497">
     <span class='ocr_line' id='line_1_38' title="bbox 143 4409 1277 4497; baseline 0.001 -20"><span class='ocrx_word' id='word_1_259' title='bbox 143 4411 391 4493; x_wconf 78' lang='grc' dir='ltr'>*Περιφάνηε</span> <span class='ocrx_word' id='word_1_260' title='bbox 419 4409 655 4496; x_wconf 83' lang='lat' dir='ltr'>Periphanes</span> <span class='ocrx_word' id='word_1_261' title='bbox 683 4409 923 4496; x_wconf 76' lang='lat' dir='ltr'>(Paarrnuas):</span> <span class='ocrx_word' id='word_1_262' title='bbox 952 4432 1048 4475; x_wconf 86' lang='lat' dir='ltr'>senex</span> <span class='ocrx_word' id='word_1_263' title='bbox 1075 4409 1221 4497; x_wconf 61' lang='lat' dir='ltr'>Epidion</span> <span class='ocrx_word' id='word_1_264' title='bbox 1243 4444 1277 4459; x_wconf 51' lang='grc' dir='ltr'><em>α</em></span> 
     </span>
    </p>
   </div>
   <div class='ocr_carea' id='block_1_12' title="bbox 0 0 1474 5046">
    <p class='ocr_par' dir='ltr' id='par_1_15' title="bbox 0 0 1474 5046">
     <span class='ocr_line' id='line_1_39' title="bbox 0 0 1474 5046; baseline 0 0"><span class='ocrx_word' id='word_1_265' title='bbox 0 0 1474 5046; x_wconf 95' lang='lat' dir='ltr'> </span> 
     </span>
    </p>
   </div>
  </div>
 </body>
</html>
