2924 5046
200 333 266 396 230
589 350 626 395 m
650 349 760 396 visun
785 347 952 396 recensu

201 490 270 555 Nec
297 490 467 554 offensioni
496 513 566 555 esse
594 491 743 574 dactylus
773 490 805 553 in
835 494 950 574 quarto
977 491 1060 575 pede
1090 490 1199 573 debet,
1231 495 1268 555 ut
1337 474 1433 564 qui

201 596 283 660 satis
316 596 428 660 veniae
461 620 534 661 cum
566 620 585 661 a
615 598 744 661 nomine
775 596 906 680 proprio
936 602 1006 660 tum
1037 597 1078 661 ab
1108 598 1182 681 ipsa
1211 596 1435 662 elisione

200 703 327 768 habeat.
364 703 499 768 Prorsus
519 708 628 768 autem
648 705 850 787 simplicitati
873 703 1144 768 conlocandorum
1164 703 1371 768 verboru
1389 700 1439 753 m,

199 831 262 893 qua
286 809 347 873 hoc
370 830 471 893 genus
496 831 647 872 versuum
670 809 802 893 regitur,
825 809 953 873 inludat
939 809 999 872 tsi
1019 831 1074 892 qur
1065 809 1234 874 Mortuos
1247 799 1440 890 Sem*

194 916 285 998 pheri
306 915 492 980 Arcddiuest
480 915 624 996 toppuio
647 915 870 979 commendare
895 914 1038 978 animum
1061 914 1226 979 indurent
1234 912 1276 1000 *)

288 1020 364 1102 Peg.
383 1020 450 1094 206,
470 1020 533 1084 8-
542 1018 607 1092 207,
627 1019 740 1082 tcum
764 1021 852 1084 exitu
871 1023 942 1103 sept
943 1020 1000 1083 imi
1020 1021 1100 1084 bene
1119 1020 1243 1085 factum
1263 964 1450 1104 qu‘od
1451 1099 1458 1112 ι

200 1151 265 1193 non
294 1127 391 1191 semel
416 1126 553 1208 scriptos
577 1125 748 1208 habemus,
777 1125 832 1190 sed
856 1126 943 1190 circa
965 1126 1062 1189 finem
1084 1125 1183 1190 huius
1206 1127 1302 1191 vitae

201 1235 275 1316 212,
298 1236 319 1298 6
342 1234 479 1298 iteratos
503 1232 537 1295 in
560 1231 653 1295 libris
677 1231 834 1313 postilla
857 1252 939 1315 quae
959 1233 1034 1294 sunt
1052 1251 1111 1312 quo
1130 1232 1234 1313 mopis
1252 1231 1380 1295 mr‘rl
1436 1285 1460 1299 κ

200 1341 346 1406 Porcium
367 1338 502 1403 seruere.
537 1337 569 1401 I
555 1343 651 1421 aque
675 1358 738 1420 quo
758 1336 936 1420 expeditior
954 1336 1095 1400 conlatio
1115 1340 1211 1420 esset,
1230 1328 1408 1401 utriuV

146 1465 187 1506 os
202 1467 262 1530 que
294 1445 356 1508 loci
387 1443 577 1524 versiculos,
609 1442 761 1526 quales
752 1465 786 1506 1n
818 1447 925 1506 vetere
956 1442 1104 1506 Parisino
1133 1447 1278 1525 exstant,
1302 1456 1349 1505 οι

203 1551 337 1615 adverso
361 1550 464 1632 posui,
490 1549 585 1612 simul
610 1548 755 1612 subiecta
779 1549 957 1630 scripturae
981 1548 1199 1631 discrepantia
1221 1547 1324 1614 notebi
1339 1516 1436 1593 ’μ

201 1657 282 1721 liore
305 1655 507 1720 noviciorum
530 1654 697 1719 librorum.

386 1854 417 1915 p.
441 1831 506 1895 206
526 1852 572 1914 sq.
998 1853 1028 1912 p.
1052 1831 1117 1894 212

246 1936 734 2021 niciiitPscrpiociprofuitnihil
813 1938 908 2018 scipio
931 1936 1027 2000 nictit
1043 1937 1176 2017 profuit.
1198 1936 1295 2001 nutu

247 2047 296 2110 illi
304 2045 673 2110 leliusnr'bilsimioistros
677 2063 735 2124 per
816 2044 921 2106 lectius.
950 2043 1064 2122 [errius.
1097 2047 1158 2106 eres
1175 2063 1236 2124 per

249 2153 329 2216 idem
352 2157 469 2232 deotpurc
491 2151 545 2231 qui
567 2149 726 2232 apitctant
762 2165 778 2211 3
817 2151 895 2215 diem
918 2154 1035 2231 tcmpms
1057 2148 1297 2231 quicquamst

249 2258 363 2322 nobiles
377 2257 549 2337 facillimae
566 2276 670 2320 cortem
683 2255 736 2319 illc
815 2256 930 2320 nobiles
950 2256 1100 2335 facillime
1122 2275 1229 2320 comm
1253 2255 1305 2319 ille

250 2384 343 2446 opera
364 2383 402 2426 uc
424 2364 548 2426 domum
569 2362 690 2442 quidem
816 2383 908 2443 opera
930 2382 968 2426 uc
990 2362 1115 2425 domum
1137 2362 1263 2443 quiden

248 2472 278 2536 si
291 2469 615 2534 alucitconducciciam
628 2467 736 2531 saltem
764 2481 780 2528 e
816 2468 923 2532 imbuit
944 2469 1165 2531 conducticium
1187 2468 1298 2532 salem

249 2582 284 2641 ut
305 2580 379 2641 esset
400 2595 460 2656 quo
478 2575 605 2655 referret
622 2573 737 2638 obitum
818 2580 852 2638 ut
874 2579 948 2639 essct
969 2595 1028 2655 quo
1050 2575 1166 2654 reseret.
1190 2574 1307 2638 οόίίιιυι

249 2683 368 2748 domini
389 2681 520 2746 seculo
817 2681 936 2745 (braim
957 2681 1106 2745 seruabis.

254 2864 265 2910 l
293 2857 326 2911 P.
345 2855 391 2909 vel
406 2873 436 2923 p.
460 2854 505 2908 vel
527 2854 628 2909 Publio
647 2853 737 2922 (vrb.)
819 2856 949 2909 Medius.
968 2854 1073 2924 furius]
1094 2855 1119 2907 ei
1137 2854 1217 2907 lelius
1236 2853 1307 2907 nina

252 2944 297 2999 vel
312 2945 337 2998 ei
346 2962 376 3012 p.
392 2943 504 3011 (Neap)
576 2944 663 3012 scipio
673 2958 738 3011 pro·
818 2944 911 3011 surius
929 2942 1000 3011 (sine
1019 2943 1045 2996 ei
1062 2942 1123 2998 Par.
1142 2942 1202 3010 alt,
1223 2941 1303 3012 Bag.)

251 3035 307 3100 suit
326 3033 429 3086 sineri
500 3032 591 3102 adli]
606 3033 632 3086 ci
701 3032 738 3085 si-

251 3121 404 3189 mivnistros]
423 3121 519 3186 furius
537 3125 591 3174 tres
680 3120 739 3173 osi

252 3210 343 3279 abuit]
361 3209 459 3261 tabuit
530 3209 691 3263 asmona

209 3320 418 3329 ——————-

276 3366 301 3436 ⁸)
321 3367 449 3421 Ceterum
468 3383 523 3420 nou
541 3365 600 3421 fore
618 3366 694 3420 lectu
712 3365 865 3421 iniucunda
883 3366 1003 3421 arbitror
1022 3382 1094 3435 queo
1112 3365 1147 3420 de
1166 3367 1210 3420 his
1224 3365 1351 3421 versibus

208 3475 258 3526 per
280 3455 416 3525 prooemii
439 3454 593 3509 academici
616 3454 855 3524 opportunitatem
879 3455 1006 3524 proximo
1031 3471 1104 3508 anno
1123 3469 1141 3506 a
1160 3471 1203 3507 me
1223 3454 1352 3509 tractatis

207 3547 237 3600 F.
250 3544 474 3599 Th.Welckerus
493 3544 529 3597 ad
548 3561 593 3597 me
612 3543 803 3611 perscribebat
821 3562 854 3597 ex
873 3542 982 3597 itineris
1002 3542 1100 3597 Graeci
1119 3541 1257 3595 memoria
1275 3559 1352 3613 repe-

208 3634 273 3689 tita:
304 3633 376 3687 ‘Das
395 3631 514 3686 Gedicht
539 3632 587 3685 des
607 3631 720 3686 Porcius
739 3631 796 3685 Lic.
820 3630 857 3685 ist
880 3631 981 3685 bochet
1004 3631 1173 3685 interessent
1195 3628 1285 3683 durch
1308 3629 1353 3684 dic

208 3722 261 3777 tief
276 3720 422 3791 gehenden
432 3720 637 3788 Andautungen
657 3718 702 3771 die
722 3736 750 3773 es
769 3717 840 3772 nach
855 3718 924 3772 zwei
938 3717 1034 3772 Sciten
1049 3718 1105 3785 hin,
1125 3717 1177 3772 wie
1191 3735 1248 3773 von
1262 3718 1354 3774 einem

208 3809 300 3864 hohen
320 3807 423 3863 Stande
447 3808 497 3861 der
520 3806 654 3875 Bildung‚
679 3805 707 3859 in
730 3806 832 3861 milder
854 3806 910 3860 und
933 3806 990 3860 fast
1008 3805 1163 3876 elegischer
1182 3801 1274 3862 satire
1292 3823 1354 3862 aue

209 3896 317 3952 drdclrt.
359 3897 450 3950 Wenn
476 3913 505 3949 es
531 3894 610 3948 nicht
634 3911 683 3948 aus
710 3894 831 3949 anderen
855 3893 986 3948 Grtlnden
1012 3892 1283 3948 unwahrscbainlieh
1310 3894 1356 3963 ist,

209 3987 272 4040 dass
295 3984 345 4037 der
368 3982 462 4053 genial
485 3981 655 4036 anzicheude
678 3980 808 4050 Liebling
831 3981 881 4037 der
899 3981 1018 4037 Grossen
1043 3982 1103 4037 sich
1125 3981 1155 4035 in
1173 3982 1356 4037 Zerwurfniss

208 4071 411 4128 undVerdruss
430 4070 559 4124 wirklich
578 4070 606 4123 in
626 4071 675 4124 das
694 4069 821 4139 poetisch
840 4070 898 4123 und
911 4071 1043 4139 politisch
1058 4071 1112 4124 den
1127 4070 1249 4124 Bomcrn
1268 4072 1356 4127 echon

208 4159 359 4230 klingende
378 4158 520 4213 Arkadien
539 4158 767 4227 zurdckgezogen
786 4159 848 4224 hat
872 4176 903 4213 so
922 4177 981 4212 war
1000 4158 1181 4228 Stymphalos
1203 4157 1252 4213 ein
1271 4177 1356 4231 suga·

209 4249 292 4305 nehm
311 4247 462 4317 gelegencr
479 4247 536 4299 und
556 4245 620 4299 kein
639 4246 748 4300 klciner
762 4249 820 4302 ort
850 4250 893 4300 An
911 4248 961 4302 dor
979 4249 1042 4302 sehr
1061 4246 1192 4317 gelindcn
1211 4247 1272 4327 und
1284 4253 1356 4302 mite·

210 4339 287 4407 sigen
308 4335 437 4399 Anhohe,
457 4351 500 4388 wo
520 4334 565 4387 die
584 4335 650 4388 weit
669 4351 730 4388 vers
731 4337 842 4389 trouten
862 4336 969 4390 Ruinen
989 4335 1042 4389 den
1062 4335 1185 4405 Umfang
1203 4334 1255 4388 der
1273 4334 1358 4392 stadt

210 4425 314 4495 wigen,
333 4421 411 4475 fuhrt
400 4421 479 4477 tcin
498 4422 606 4477 chmale
624 4423 826 4478 vortrcfflicher
845 4423 1019 4492 Steinweg‚
1012 4441 1040 4476 m
1055 4421 1155 4478 Stuicn
1168 4424 1358 4479 woronnoch
