2924 5046
187 287 252 353 266
575 306 613 351 16
635 304 748 352 vireu
772 306 940 353 6666666

277 444 381 512 Versu
412 446 446 512 lo
463 429 565 531 'quod
596 448 698 513 666616
730 446 874 534 Scaliger
905 450 1078 534 expetebat
1109 472 1168 534 pro
1201 451 1318 535 scriptu

187 554 338 640 opinatae
367 554 547 639 elegantiae
575 553 685 619 fallaci
713 555 820 638 specie
847 555 999 639 deceptus
1028 559 1085 621 est.
1132 555 1222 622 Satis
1255 561 1318 623 not

187 665 263 725 sunt
285 661 369 744 apud
393 660 565 726 Horatium
588 661 694 726 1666111
715 663 831 744 scepta
854 659 953 727 Serm.
976 662 1130 748 1,10‚56,
1151 664 1266 747 eaesis
1288 665 1318 729 16

186 769 283 851 (16666
306 768 433 835 theatris
455 770 571 850 scripto
592 767 696 852 Epist.
720 786 743 852 1,
760 768 810 852 19,
825 769 878 853 42,
902 768 1090 834 Graecorum
1112 770 1318 852 antiquiseior

186 875 302 957 6661616
328 893 367 957 11,
394 876 425 959 1,
450 875 505 959 21,
538 895 606 939 meo
632 875 749 958 compta
776 872 876 939 Serm.
900 893 927 958 1,
949 876 985 959 4,
1008 875 1065 941 23:
1098 880 1135 941 ut
1157 877 1193 941 in
1216 880 1318 960 poeta

188 981 386 1048 testimoniis
414 1003 465 1046 me
492 982 678 1046 contineam
706 982 745 1046 ad
774 985 887 1065 poetas
911 982 1142 1066 spectantibus.
1189 982 1239 1047 De
1263 983 1316 1066 ips

186 1093 294 1154 autem
318 1088 469 1154 Terentio
493 1111 558 1153 non
582 1087 755 1153 Suetonius
778 1091 907 1153 tantum
931 1111 1029 1173 supra
1051 1112 1082 1174 p.
1105 1089 1182 1171 208,
1206 1089 1224 1152 7
1252 1087 1318 1155 ‘not

187 1196 324 1261 obscura
350 1195 439 1260 fama
466 1200 516 1260 est
544 1194 689 1260 adiutum
717 1197 752 1260 16
773 1196 898 1278 seraptis
925 1219 944 1259 a
966 1194 1077 1261 Laelio
1101 1199 1133 1260 61
1156 1193 1312 1279 Scipione

187 1303 266 1368 item
284 1325 314 1387 p.
330 1302 440 1386 211,5
459 1301 581 1367 ‘mores
601 1324 681 1386 quos
701 1323 766 1367 non
785 1301 916 1385 perinde
935 1302 1128 1386 exprimeret
1141 1302 1176 1366 in
1190 1303 1318 1386 amplis

187 1410 242 1475 sed
266 1409 504 1485 Quinctilianus
528 1431 655 1494 quoque
679 1428 716 1493 x,
742 1412 770 1492 1,
793 1410 835 1472 99
865 1408 958 1473 ‘licet
980 1407 1123 1472 Terentii
1151 1411 1273 1491 scripta
1296 1433 1318 1475 a

188 1515 370 1600 Scipionem
396 1515 585 1581 Africanum
613 1515 819 1581 referantur'.
865 1515 1068 1599 Quamquam
1100 1516 1181 1583 alibi
1216 1517 1318 1582 accidi

187 1645 264 1687 sane
287 1627 324 1687 ut
347 1621 381 1686 16
402 1624 517 1705 scr-epto
540 1625 743 1687 verterentur
767 1645 848 1707 quae
873 1626 970 1707 poeta
998 1623 1091 1687 uerbo
1118 1624 1273 1709 dixisset,
1301 1648 1318 1689 u

186 1730 220 1793 in
244 1729 352 1795 Ovidii
376 1728 467 1813 epist.
491 1751 529 1792 ex
553 1728 658 1794 Ponto
681 1748 702 1813 1,
717 1729 747 1813 5,
762 1731 791 1796 2.
811 1768 854 1777 —
877 1729 915 1794 ln
939 1730 1026 1794 exitu
1049 1752 1162 1796 versus
1186 1731 1319 1796 notabit

187 1840 238 1901 est
265 1859 375 1901 veram
402 1835 696 1919 interpunctionem
725 1859 745 1900 a
768 1835 917 1901 Bentleio
939 1836 1123 1920 Wolfioque
1145 1838 1318 1903 restitutar

186 1948 327 2009 veterem
351 1943 432 2008 adeo
454 1941 638 2008 Parisinum
662 1963 816 2007 servasse.

273 2048 380 2115 Versu
402 2049 437 2114 12
464 2070 558 2131 neque
580 2047 637 2114 hue
658 2050 793 2131 despectu
820 2070 857 2114 66
873 2055 966 2133 purte
994 2051 1104 2116 iaceres
1130 2051 1218 2115 idem
1247 2051 1318 2117 Par.

187 2159 288 2223 sinus:
311 2157 367 2222 ubi
390 2177 428 2222 ecc
445 2178 465 2220 a
482 2156 618 2221 noviciis
637 2156 731 2221 libris
749 2157 913 2241 plerisque
932 2158 1034 2241 abest,
1057 2181 1076 2222 6
1094 2161 1204 2222 vetere
1224 2163 1318 2225 auter

186 2269 366 2330 correctore
389 2262 461 2346 1116,
491 2263 581 2328 66166
604 2263 745 2347 vestigia
768 2262 868 2328 codex
890 2262 1035 2328 Vrbinas
1060 2268 1182 2348 servat,
1214 2266 1265 2330 sic
1289 2288 1318 2331 cs

187 2375 363 2438 mutatum:
385 2391 480 2453 neque
502 2371 537 2434 16
559 2368 617 2433 loc
638 2369 791 2451 despectus
807 2375 900 2452 porte
922 2371 1041 2435 iaceres.
1073 2370 1135 2434 Est
1157 2371 1243 2437 illud
1268 2396 1318 2458 qu:

186 2479 273 2562 dem,
304 2498 398 2560 neque
425 2478 460 2541 16
486 2474 556 2558 huc,
589 2478 718 2559 praeter
744 2476 918 2560 rationem,
951 2499 1015 2560 qua
1040 2498 1115 2541 6666
1141 2476 1201 2542 hac
1223 2479 1318 2562 potin

187 2584 403 2652 commendari
426 2582 564 2649 Rothius
589 2582 762 2647 intellexit:
794 2604 920 2648 summa
943 2589 1050 2648 autem
1075 2605 1147 2649 cum
1172 2585 1318 2651 evidenti

186 2691 335 2756 veritatis
353 2692 505 2774 despectio
523 2712 582 2773 pro
600 2690 736 2772 despecto
749 2710 794 2768 cc,
817 2689 906 2755 cuius
922 2690 1100 2774 scripturae
1115 2689 1318 2757 defendenda

187 2799 240 2863 via
262 2798 355 2862 nulla
377 2799 476 2880 patet.
518 2795 672 2872 Quamvis
695 2796 781 2859 enim
802 2795 890 2861 facili
914 2797 1161 2879 constructione,
1185 2797 1213 2860 si
1238 2799 1318 2863 mod

187 2907 298 2968 iooemt
319 2903 494 2986 recipiatur
517 2923 555 2965 ex
580 2901 720 2966 editione
743 2901 897 2985 principe,
920 2902 1140 2985 superioribus
1159 2902 1243 2968 haec
1263 2926 1318 2970 cor

187 3011 366 3075 tinuentur:
389 3029 464 3074 6666
485 3009 543 3073 leuc
564 3009 700 3090 democle
720 3029 759 3073 ea
775 3013 868 3091 porte
886 3010 1003 3084 laceret,
1025 3012 1135 3074 tamen
1154 3009 1231 3094 ipsa
1251 3013 1317 3077 rati

134 3142 174 3183 66
190 3116 369 3182 6661661166
393 3116 511 3179 obstat.
557 3114 684 3199 Quippe
707 3114 790 3179 nihil
814 3116 1002 3180 offensionis
1025 3120 1125 3201 esset,
1152 3117 1181 3181 si
1204 3139 1318 3201 praece

185 3224 276 3288 deret
293 3223 408 3287 comaco
420 3222 522 3304 poesis
539 3221 591 3285 661
610 3220 767 3285 eiusmodi
787 3221 951 3305 quiddam:
975 3223 1134 3287 absonum
1153 3227 1206 3288 est
1224 3228 1318 3291 auter

187 3329 373 3414 despectam
396 3328 499 3394 iacere
521 3328 666 3393 61616166
691 3328 763 3393 dici.

274 3436 350 3519 Peg.
374 3435 435 3513 213,
457 3434 490 3499 13
512 3456 549 3500 oc
570 3436 663 3519 dolce,
686 3435 771 3521 quod
795 3435 892 3500 etiam
917 3436 1015 3500 codex
1029 3436 1224 3522 Reginensis
1244 3460 1318 3523 prae

187 3545 271 3628 buit,
303 3566 320 3606 c
350 3541 489 3618 Parisini
520 3541 682 3625 scriptura
711 3543 838 3608 oudolco
867 3542 1007 3607 Rothius
1038 3543 1173 3608 eruebat
1204 3567 1267 3629 pro
1298 3569 1318 3609 6

188 3650 273 3736 quod
296 3649 450 3734 vulgatur
476 3653 504 3713 et
531 3648 622 3713 doleo.
669 3645 731 3712 Sed
756 3650 958 3733 acquiescere
981 3648 1128 3733 profecto
1151 3672 1193 3715 66
1217 3650 1252 3716 16
1276 3652 1318 3717 111

188 3756 315 3842 quidem
338 3755 460 3840 poterit
482 3754 547 3839 qui,
571 3759 769 3838 quantopere
793 3757 972 3841 langueant
989 3757 1037 3821 sic
1056 3760 1089 3820 et
1106 3756 1318 3824 coniunctae

187 3863 355 3930 conlocata
378 3881 516 3927 nroccror
537 3881 575 3925 oc
596 3861 679 3925 (16166
703 3863 862 3926 vocabula
884 3863 940 3927 661
963 3863 1089 3928 6611661
1112 3862 1318 3931 inservientis

188 3992 297 4036 secum
320 3968 529 4053 reputaverit.
565 3965 744 4051 Aliquanto
768 3969 842 4053 plus
861 3969 1035 4054 gravitatis
1053 3968 1245 4035 habiturum
1265 3994 1318 4038 666

186 4075 361 4142 (66666166
383 4094 528 4158 moeror,
558 4073 621 4138 1666
648 4075 731 4140 doleo
758 4075 975 4159 concedimus,
1007 4075 1092 4160 quod
1115 4076 1318 4144 Buecheleru

188 4183 403 4269 proponebat:
422 4181 476 4246 sed
496 4182 546 4245 661
567 4181 613 4246 616
632 4185 742 4246 tamen
760 4183 890 4247 inverso
908 4184 1018 4268 potius
1037 4182 1149 4249 ordine
1167 4183 1224 4250 lroc
1240 4186 1318 4253 (1616(

187 4292 241 4356 1666
262 4308 398 4353 6666666(
421 4286 461 4350 ad
485 4287 602 4351 fortius
626 4288 894 4373 progrediendum
919 4289 1019 4354 fuisse
1038 4288 1273 4377 intellegimus,
1294 4312 1318 4359 ι(

190 4398 334 4483 aliquam
365 4391 611 4465 similitudinem
639 4414 751 4462 eorum
779 4416 860 4486 quae
888 4389 1193 4485 66111606611616
1213 4418 1249 4471 v.
1268 4398 1318 4471 92
