<?xml version="1.0" encoding="UTF-8"?>
<!DOCTYPE html PUBLIC "-//W3C//DTD XHTML 1.0 Transitional//EN"
    "http://www.w3.org/TR/xhtml1/DTD/xhtml1-transitional.dtd">
<html xmlns="http://www.w3.org/1999/xhtml" xml:lang="en" lang="en">
 <head>
  <title>
</title>
<meta http-equiv="Content-Type" content="text/html;charset=utf-8" />
  <meta name='ocr-system' content='tesseract 3.04.00' />
  <meta name='ocr-capabilities' content='ocr_page ocr_carea ocr_par ocr_line ocrx_word'/>
</head>
<body>
  <div class='ocr_page' id='page_1' title='image "./fridericiritsch01wachgoog_0262.png"; bbox 0 0 2924 5046; ppageno 0'>
   <div class='ocr_carea' id='block_1_1' title="bbox 188 336 935 402">
    <p class='ocr_par' dir='ltr' id='par_1_1' title="bbox 188 336 935 402">
     <span class='ocr_line' id='line_1_1' title="bbox 188 336 935 402; baseline 0.003 -3"><span class='ocrx_word' id='word_1_1' title='bbox 188 336 254 400; x_wconf 76' lang='lat'><strong>236</strong></span> <span class='ocrx_word' id='word_1_2' title='bbox 573 355 611 400; x_wconf 77' lang='lat' dir='ltr'><strong>rx</strong></span> <span class='ocrx_word' id='word_1_3' title='bbox 634 354 745 401; x_wconf 62' lang='grc' dir='ltr'><strong>ητα</strong></span> <span class='ocrx_word' id='word_1_4' title='bbox 768 354 935 402; x_wconf 76' lang='lat' dir='ltr'><strong>raaanrn</strong></span> 
     </span>
    </p>
   </div>
   <div class='ocr_carea' id='block_1_2' title="bbox 135 494 1320 1958">
    <p class='ocr_par' dir='ltr' id='par_1_2' title="bbox 135 494 1320 1958">
     <span class='ocr_line' id='line_1_2' title="bbox 189 494 1320 582; baseline 0.004 -24"><span class='ocrx_word' id='word_1_5' title='bbox 189 495 310 579; x_wconf 84' lang='lat' dir='ltr'><strong>logum,</strong></span> <span class='ocrx_word' id='word_1_6' title='bbox 334 495 390 560; x_wconf 87' lang='lat' dir='ltr'><strong>sed</strong></span> <span class='ocrx_word' id='word_1_7' title='bbox 413 500 576 559; x_wconf 89' lang='lat' dir='ltr'><strong>oratorem</strong></span> <span class='ocrx_word' id='word_1_8' title='bbox 598 494 779 581; x_wconf 80' lang='lat' dir='ltr'><strong>uominat&#39;3</strong></span> <span class='ocrx_word' id='word_1_9' title='bbox 801 497 837 560; x_wconf 92' lang='lat' dir='ltr'><strong>in</strong></span> <span class='ocrx_word' id='word_1_10' title='bbox 856 498 929 560; x_wconf 70' lang='lat' dir='ltr'><strong>ud:</strong></span> <span class='ocrx_word' id='word_1_11' title='bbox 954 497 1145 580; x_wconf 61' lang='lat' dir='ltr'><strong>‘anacam</strong></span> <span class='ocrx_word' id='word_1_12' title='bbox 1168 499 1320 582; x_wconf 77' lang='lat' dir='ltr'><strong>enpalsas’</strong></span> 
     </span>
     <span class='ocr_line' id='line_1_3' title="bbox 188 601 1320 686; baseline 0.004 -22"><span class='ocrx_word' id='word_1_13' title='bbox 188 601 284 664; x_wconf 88' lang='lat' dir='ltr'><strong>Illam</strong></span> <span class='ocrx_word' id='word_1_14' title='bbox 311 602 413 686; x_wconf 80' lang='lat' dir='ltr'><strong>igitur</strong></span> <span class='ocrx_word' id='word_1_15' title='bbox 439 602 591 686; x_wconf 91' lang='lat' dir='ltr'><strong>loquendi</strong></span> <span class='ocrx_word' id='word_1_16' title='bbox 620 601 884 666; x_wconf 88' lang='lat' dir='ltr'><strong>cousuetudinem</strong></span> <span class='ocrx_word' id='word_1_17' title='bbox 908 601 1029 666; x_wconf 88' lang='lat' dir='ltr'><strong>Donati</strong></span> <span class='ocrx_word' id='word_1_18' title='bbox 1053 624 1204 668; x_wconf 87' lang='lat' dir='ltr'><strong>caussam</strong></span> <span class='ocrx_word' id='word_1_19' title='bbox 1227 604 1320 671; x_wconf 70' lang='lat' dir='ltr'><strong>habe«</strong></span> 
     </span>
     <span class='ocr_line' id='line_1_4' title="bbox 187 707 1320 791; baseline 0.005 -21"><span class='ocrx_word' id='word_1_20' title='bbox 187 729 244 770; x_wconf 91' lang='lat' dir='ltr'><strong>cur</strong></span> <span class='ocrx_word' id='word_1_21' title='bbox 272 708 306 771; x_wconf 92' lang='lat' dir='ltr'><strong>in</strong></span> <span class='ocrx_word' id='word_1_22' title='bbox 329 707 439 772; x_wconf 82' lang='lat' dir='ltr'><strong>iacobi</strong></span> <span class='ocrx_word' id='word_1_23' title='bbox 463 707 634 791; x_wconf 77' lang='lat' dir='ltr'><strong>Bernaysii</strong></span> <span class='ocrx_word' id='word_1_24' title='bbox 663 711 772 790; x_wconf 88' lang='lat' dir='ltr'><strong>partes</strong></span> <span class='ocrx_word' id='word_1_25' title='bbox 795 729 862 771; x_wconf 91' lang='lat' dir='ltr'><strong>non</strong></span> <span class='ocrx_word' id='word_1_26' title='bbox 885 707 1011 790; x_wconf 87' lang='lat' dir='ltr'><strong>cedam,</strong></span> <span class='ocrx_word' id='word_1_27' title='bbox 1042 709 1150 772; x_wconf 80' lang='lat' dir='ltr'><strong>cecidit</strong></span> <span class='ocrx_word' id='word_1_28' title='bbox 1170 709 1320 776; x_wconf 79' lang='lat' dir='ltr'><strong>latereir</strong></span> 
     </span>
     <span class='ocr_line' id='line_1_5' title="bbox 186 811 1320 896; baseline 0.004 -18"><span class='ocrx_word' id='word_1_29' title='bbox 186 813 272 878; x_wconf 72' lang='lat' dir='ltr'><strong>sctis</strong></span> <span class='ocrx_word' id='word_1_30' title='bbox 298 813 488 878; x_wconf 90' lang='lat' dir='ltr'><strong>conicientis</strong></span> <span class='ocrx_word' id='word_1_31' title='bbox 516 813 598 877; x_wconf 91' lang='lat' dir='ltr'><strong>conl.</strong></span> <span class='ocrx_word' id='word_1_32' title='bbox 621 812 700 877; x_wconf 92' lang='lat' dir='ltr'><strong>Hor.</strong></span> <span class='ocrx_word' id='word_1_33' title='bbox 722 811 828 896; x_wconf 81' lang='lat' dir='ltr'><strong>Epist</strong></span> <span class='ocrx_word' id='word_1_34' title='bbox 852 830 892 894; x_wconf 91' lang='lat'><strong>11,</strong></span> <span class='ocrx_word' id='word_1_35' title='bbox 918 814 950 896; x_wconf 92' lang='lat' dir='ltr'><strong>l,</strong></span> <span class='ocrx_word' id='word_1_36' title='bbox 976 814 1038 879; x_wconf 77' lang='lat'><strong>176</strong></span> <span class='ocrx_word' id='word_1_37' title='bbox 1066 813 1216 880; x_wconf 81' lang='lat' dir='ltr'><strong>‘securus</strong></span> <span class='ocrx_word' id='word_1_38' title='bbox 1244 818 1320 883; x_wconf 81' lang='lat' dir='ltr'><strong>cado</strong></span> 
     </span>
     <span class='ocr_line' id='line_1_6' title="bbox 188 914 1320 1004; baseline 0.005 -21"><span class='ocrx_word' id='word_1_39' title='bbox 188 940 230 983; x_wconf 90' lang='lat' dir='ltr'><strong>an</strong></span> <span class='ocrx_word' id='word_1_40' title='bbox 251 914 341 983; x_wconf 78' lang='lat' dir='ltr'><strong>re&#39;cto</strong></span> <span class='ocrx_word' id='word_1_41' title='bbox 364 923 429 983; x_wconf 88' lang='lat' dir='ltr'><strong>stet</strong></span> <span class='ocrx_word' id='word_1_42' title='bbox 451 919 563 983; x_wconf 85' lang='lat' dir='ltr'><strong>fabula</strong></span> <span class='ocrx_word' id='word_1_43' title='bbox 587 917 680 982; x_wconf 86' lang='lat' dir='ltr'><strong>talo&#39;.</strong></span> <span class='ocrx_word' id='word_1_44' title='bbox 703 954 746 964; x_wconf 91' lang='lat'>—</span> <span class='ocrx_word' id='word_1_45' title='bbox 775 916 927 1003; x_wconf 74' lang='lat' dir='ltr'>Sequitur</span> <span class='ocrx_word' id='word_1_46' title='bbox 954 925 1004 1002; x_wconf 88' lang='lat' dir='ltr'><strong>ut,</strong></span> <span class='ocrx_word' id='word_1_47' title='bbox 1032 919 1108 1004; x_wconf 89' lang='lat' dir='ltr'><strong>quid</strong></span> <span class='ocrx_word' id='word_1_48' title='bbox 1138 921 1172 985; x_wconf 90' lang='lat' dir='ltr'><strong>iu</strong></span> <span class='ocrx_word' id='word_1_49' title='bbox 1196 928 1320 989; x_wconf 57' lang='lat' dir='ltr'><strong>semem</strong></span> 
     </span>
     <span class='ocr_line' id='line_1_7' title="bbox 187 1024 1320 1110; baseline 0.006 -22"><span class='ocrx_word' id='word_1_50' title='bbox 187 1047 265 1090; x_wconf 86' lang='lat' dir='ltr'><strong>voce</strong></span> <span class='ocrx_word' id='word_1_51' title='bbox 289 1025 472 1107; x_wconf 86' lang='lat' dir='ltr'><strong>delitescat,</strong></span> <span class='ocrx_word' id='word_1_52' title='bbox 501 1029 684 1110; x_wconf 78' lang='lat' dir='ltr'><strong>quaeratur.</strong></span> <span class='ocrx_word' id='word_1_53' title='bbox 728 1024 778 1089; x_wconf 88' lang='lat' dir='ltr'><strong>Ne</strong></span> <span class='ocrx_word' id='word_1_54' title='bbox 802 1025 920 1108; x_wconf 86' lang='lat' dir='ltr'><strong>multa,</strong></span> <span class='ocrx_word' id='word_1_55' title='bbox 943 1026 1099 1110; x_wconf 87' lang='lat' dir='ltr'><strong>scriptum</strong></span> <span class='ocrx_word' id='word_1_56' title='bbox 1123 1033 1174 1092; x_wconf 88' lang='lat' dir='ltr'><strong>est</strong></span> <span class='ocrx_word' id='word_1_57' title='bbox 1199 1052 1220 1093; x_wconf 93' lang='lat' dir='ltr'><strong>a</strong></span> <span class='ocrx_word' id='word_1_58' title='bbox 1243 1028 1320 1095; x_wconf 82' lang='lat' dir='ltr'><strong>Sodi</strong></span> 
     </span>
     <span class='ocr_line' id='line_1_8' title="bbox 187 1132 1320 1216; baseline 0.005 -20"><span class='ocrx_word' id='word_1_59' title='bbox 187 1132 272 1216; x_wconf 77' lang='lat' dir='ltr'><strong>gito:</strong></span> <span class='ocrx_word' id='word_1_60' title='bbox 294 1132 453 1197; x_wconf 81' lang='lat' dir='ltr'><strong>Simitsr</strong></span> <span class='ocrx_word' id='word_1_61' title='bbox 467 1133 595 1196; x_wconf 82' lang='lat' dir='ltr'><strong><em>Hecura</em></strong></span> <span class='ocrx_word' id='word_1_62' title='bbox 612 1133 698 1197; x_wconf 70' lang='lat' dir='ltr'><strong>sexa</strong></span> <span class='ocrx_word' id='word_1_63' title='bbox 714 1132 905 1198; x_wconf 74' lang='lat' dir='ltr'><strong>exolescat</strong></span> <span class='ocrx_word' id='word_1_64' title='bbox 920 1133 1039 1212; x_wconf 71' lang='lat' dir='ltr'><strong>sabula.</strong></span> <span class='ocrx_word' id='word_1_65' title='bbox 1074 1132 1121 1197; x_wconf 77' lang='lat' dir='ltr'><strong>Ilt</strong></span> <span class='ocrx_word' id='word_1_66' title='bbox 1137 1135 1320 1202; x_wconf 71' lang='lat' dir='ltr'>reconditio</span> 
     </span>
     <span class='ocr_line' id='line_1_9' title="bbox 188 1238 1320 1324; baseline 0.005 -23"><span class='ocrx_word' id='word_1_67' title='bbox 188 1239 318 1323; x_wconf 88' lang='lat' dir='ltr'><strong>quidem</strong></span> <span class='ocrx_word' id='word_1_68' title='bbox 340 1240 467 1303; x_wconf 75' lang='lat' dir='ltr'><strong>simitrrr</strong></span> <span class='ocrx_word' id='word_1_69' title='bbox 488 1239 593 1304; x_wconf 89' lang='lat' dir='ltr'><strong>forma</strong></span> <span class='ocrx_word' id='word_1_70' title='bbox 617 1238 730 1323; x_wconf 85' lang='lat' dir='ltr'><strong>(etiam</strong></span> <span class='ocrx_word' id='word_1_71' title='bbox 751 1239 917 1323; x_wconf 82' lang='lat' dir='ltr'><strong>antiquior</strong></span> <span class='ocrx_word' id='word_1_72' title='bbox 935 1238 994 1304; x_wconf 89' lang='lat' dir='ltr'><strong>illa</strong></span> <span class='ocrx_word' id='word_1_73' title='bbox 1012 1262 1109 1323; x_wconf 91' lang='lat' dir='ltr'><strong>quam</strong></span> <span class='ocrx_word' id='word_1_74' title='bbox 1127 1239 1320 1324; x_wconf 83' lang='lat' dir='ltr'><strong>frequentat·</strong></span> 
     </span>
     <span class='ocr_line' id='line_1_10' title="bbox 135 1343 1320 1430; baseline 0.003 -22"><span class='ocrx_word' id='word_1_75' title='bbox 135 1358 176 1398; x_wconf 75' lang='lat'><strong>⁶⁰⁰</strong></span> <span class='ocrx_word' id='word_1_76' title='bbox 189 1345 306 1410; x_wconf 88' lang='lat' dir='ltr'><strong>Plauto</strong></span> <span class='ocrx_word' id='word_1_77' title='bbox 328 1343 460 1430; x_wconf 71' lang='lat' dir='ltr'><strong>sintita),</strong></span> <span class='ocrx_word' id='word_1_78' title='bbox 483 1346 574 1409; x_wconf 89' lang='lat' dir='ltr'><strong>cuius</strong></span> <span class='ocrx_word' id='word_1_79' title='bbox 597 1366 698 1429; x_wconf 84' lang='lat' dir='ltr'><strong>paene</strong></span> <span class='ocrx_word' id='word_1_80' title='bbox 722 1346 970 1410; x_wconf 78' lang='lat' dir='ltr'><strong>intermortuam</strong></span> <span class='ocrx_word' id='word_1_81' title='bbox 994 1345 1185 1410; x_wconf 84' lang='lat' dir='ltr'><strong>memoriam</strong></span> <span class='ocrx_word' id='word_1_82' title='bbox 1209 1347 1246 1411; x_wconf 91' lang='lat' dir='ltr'><strong>in</strong></span> <span class='ocrx_word' id='word_1_83' title='bbox 1269 1347 1320 1412; x_wconf 83' lang='lat' dir='ltr'><strong>An</strong></span> 
     </span>
     <span class='ocr_line' id='line_1_11' title="bbox 189 1450 1320 1536; baseline 0.001 -21"><span class='ocrx_word' id='word_1_84' title='bbox 189 1451 354 1535; x_wconf 86' lang='lat' dir='ltr'><strong>tbologiae</strong></span> <span class='ocrx_word' id='word_1_85' title='bbox 384 1452 440 1516; x_wconf 79' lang='lat' dir='ltr'><strong>lat.</strong></span> <span class='ocrx_word' id='word_1_86' title='bbox 470 1452 640 1517; x_wconf 89' lang='lat' dir='ltr'><strong>corollario</strong></span> <span class='ocrx_word' id='word_1_87' title='bbox 671 1450 895 1536; x_wconf 82' lang='lat' dir='ltr'><strong>epigraphico,</strong></span> <span class='ocrx_word' id='word_1_88' title='bbox 928 1472 991 1534; x_wconf 93' lang='lat' dir='ltr'><strong>quo</strong></span> <span class='ocrx_word' id='word_1_89' title='bbox 1020 1451 1120 1515; x_wconf 91' lang='lat' dir='ltr'><strong>indici</strong></span> <span class='ocrx_word' id='word_1_90' title='bbox 1149 1451 1320 1518; x_wconf 88' lang='lat' dir='ltr'><strong>scholaruu</strong></span> 
     </span>
     <span class='ocr_line' id='line_1_12' title="bbox 189 1557 1320 1642; baseline 0.003 -22"><span class='ocrx_word' id='word_1_91' title='bbox 189 1557 386 1621; x_wconf 82' lang='lat' dir='ltr'><strong>aestivarum</strong></span> <span class='ocrx_word' id='word_1_92' title='bbox 409 1558 487 1621; x_wconf 88' lang='lat' dir='ltr'><strong>anni</strong></span> <span class='ocrx_word' id='word_1_93' title='bbox 510 1557 835 1640; x_wconf 59' lang='lat' dir='ltr'><strong>1853pr01udebanq</strong></span> <span class='ocrx_word' id='word_1_94' title='bbox 856 1557 1050 1621; x_wconf 76' lang='lat' dir='ltr'><strong>resuscitavi</strong></span> <span class='ocrx_word' id='word_1_95' title='bbox 1069 1579 1101 1641; x_wconf 89' lang='lat' dir='ltr'><strong>p.</strong></span> <span class='ocrx_word' id='word_1_96' title='bbox 1115 1575 1152 1620; x_wconf 84' lang='lat' dir='ltr'><strong>xl</strong></span> <span class='ocrx_word' id='word_1_97' title='bbox 1164 1579 1222 1642; x_wconf 88' lang='lat' dir='ltr'><strong>sq,</strong></span> <span class='ocrx_word' id='word_1_98' title='bbox 1245 1563 1320 1623; x_wconf 72' lang='lat' dir='ltr'><strong>certe</strong></span> 
     </span>
     <span class='ocr_line' id='line_1_13' title="bbox 189 1661 1320 1730; baseline 0.004 -4"><span class='ocrx_word' id='word_1_99' title='bbox 189 1668 296 1727; x_wconf 91' lang='lat' dir='ltr'><strong>autem</strong></span> <span class='ocrx_word' id='word_1_100' title='bbox 333 1664 580 1728; x_wconf 83' lang='lat' dir='ltr'><strong>ratiocinatione</strong></span> <span class='ocrx_word' id='word_1_101' title='bbox 617 1663 717 1727; x_wconf 92' lang='lat' dir='ltr'><strong>etiam</strong></span> <span class='ocrx_word' id='word_1_102' title='bbox 748 1661 910 1726; x_wconf 88' lang='lat' dir='ltr'><strong>Plautinis</strong></span> <span class='ocrx_word' id='word_1_103' title='bbox 947 1663 1095 1727; x_wconf 86' lang='lat' dir='ltr'><strong>versibus</strong></span> <span class='ocrx_word' id='word_1_104' title='bbox 1127 1661 1226 1729; x_wconf 82' lang='lat' dir='ltr'><strong>Most.</strong></span> <span class='ocrx_word' id='word_1_105' title='bbox 1262 1665 1320 1730; x_wconf 69' lang='lat'><strong>792</strong></span> 
     </span>
     <span class='ocr_line' id='line_1_14' title="bbox 191 1766 1320 1853; baseline 0.004 -21"><span class='ocrx_word' id='word_1_106' title='bbox 191 1769 307 1852; x_wconf 72' lang='lat' dir='ltr'><strong>Ampb</strong></span> <span class='ocrx_word' id='word_1_107' title='bbox 318 1770 380 1834; x_wconf 82' lang='lat'><strong>631</strong></span> <span class='ocrx_word' id='word_1_108' title='bbox 402 1768 662 1853; x_wconf 86' lang='lat' dir='ltr'><strong>redintegrandis</strong></span> <span class='ocrx_word' id='word_1_109' title='bbox 682 1767 825 1851; x_wconf 90' lang='lat' dir='ltr'><strong>adhibui,</strong></span> <span class='ocrx_word' id='word_1_110' title='bbox 844 1791 864 1832; x_wconf 90' lang='lat' dir='ltr'><strong>a</strong></span> <span class='ocrx_word' id='word_1_111' title='bbox 877 1766 1031 1833; x_wconf 85' lang='lat' dir='ltr'><strong>Volcatio</strong></span> <span class='ocrx_word' id='word_1_112' title='bbox 1050 1790 1089 1833; x_wconf 93' lang='lat' dir='ltr'><strong>eo</strong></span> <span class='ocrx_word' id='word_1_113' title='bbox 1103 1770 1214 1835; x_wconf 88' lang='lat' dir='ltr'><strong>minus</strong></span> <span class='ocrx_word' id='word_1_114' title='bbox 1229 1772 1320 1836; x_wconf 69' lang='lat' dir='ltr'><strong>alien:</strong></span> 
     </span>
     <span class='ocr_line' id='line_1_15' title="bbox 189 1874 1320 1958; baseline 0.003 -21"><span class='ocrx_word' id='word_1_115' title='bbox 189 1876 360 1957; x_wconf 88' lang='lat' dir='ltr'><strong>videbitur,</strong></span> <span class='ocrx_word' id='word_1_116' title='bbox 384 1897 447 1958; x_wconf 92' lang='lat' dir='ltr'><strong>quo</strong></span> <span class='ocrx_word' id='word_1_117' title='bbox 466 1876 586 1938; x_wconf 89' lang='lat' dir='ltr'><strong>certius</strong></span> <span class='ocrx_word' id='word_1_118' title='bbox 604 1880 654 1938; x_wconf 89' lang='lat' dir='ltr'><strong>est</strong></span> <span class='ocrx_word' id='word_1_119' title='bbox 673 1875 864 1957; x_wconf 86' lang='lat' dir='ltr'><strong>posterioris</strong></span> <span class='ocrx_word' id='word_1_120' title='bbox 884 1874 1003 1939; x_wconf 86' lang='lat' dir='ltr'><strong>aetatis</strong></span> <span class='ocrx_word' id='word_1_121' title='bbox 1022 1874 1104 1940; x_wconf 91' lang='lat' dir='ltr'><strong>duos</strong></span> <span class='ocrx_word' id='word_1_122' title='bbox 1123 1875 1200 1939; x_wconf 89' lang='lat' dir='ltr'><strong>illos</strong></span> <span class='ocrx_word' id='word_1_123' title='bbox 1219 1877 1320 1942; x_wconf 66' lang='lat' dir='ltr'><strong>titulos</strong></span> 
     </span>
    </p>
   </div>
   <div class='ocr_carea' id='block_1_3' title="bbox 187 1979 1320 2171">
    <p class='ocr_par' dir='ltr' id='par_1_3' title="bbox 187 1979 1320 2171">
     <span class='ocr_line' id='line_1_16' title="bbox 187 1979 1320 2066; baseline 0.001 -20"><span class='ocrx_word' id='word_1_124' title='bbox 187 1980 301 2066; x_wconf 88' lang='lat' dir='ltr'><strong>(Orell.</strong></span> <span class='ocrx_word' id='word_1_125' title='bbox 319 1981 414 2046; x_wconf 80' lang='lat'><strong>2863.</strong></span> <span class='ocrx_word' id='word_1_126' title='bbox 438 1979 537 2044; x_wconf 90' lang='lat' dir='ltr'><strong>lnscr.</strong></span> <span class='ocrx_word' id='word_1_127' title='bbox 555 1979 659 2063; x_wconf 88' lang='lat' dir='ltr'><strong>Neap.</strong></span> <span class='ocrx_word' id='word_1_128' title='bbox 673 1980 754 2065; x_wconf 82' lang='lat'>423)</span> <span class='ocrx_word' id='word_1_129' title='bbox 778 2001 848 2045; x_wconf 90' lang='lat' dir='ltr'><strong>esse</strong></span> <span class='ocrx_word' id='word_1_130' title='bbox 872 2002 1007 2064; x_wconf 92' lang='lat' dir='ltr'><strong>quorum</strong></span> <span class='ocrx_word' id='word_1_131' title='bbox 1031 1982 1231 2048; x_wconf 86' lang='lat' dir='ltr'><strong>testimoniis</strong></span> <span class='ocrx_word' id='word_1_132' title='bbox 1254 1983 1320 2048; x_wconf 75' lang='lat' dir='ltr'><strong>fider</strong></span> 
     </span>
     <span class='ocr_line' id='line_1_17' title="bbox 188 2084 1320 2171; baseline 0.002 -21"><span class='ocrx_word' id='word_1_133' title='bbox 188 2088 257 2152; x_wconf 82' lang='lat' dir='ltr'><strong>cius</strong></span> <span class='ocrx_word' id='word_1_134' title='bbox 285 2087 408 2151; x_wconf 84' lang='lat' dir='ltr'><strong>formae</strong></span> <span class='ocrx_word' id='word_1_135' title='bbox 436 2086 541 2151; x_wconf 91' lang='lat' dir='ltr'><strong>omnis</strong></span> <span class='ocrx_word' id='word_1_136' title='bbox 569 2085 753 2150; x_wconf 89' lang='lat' dir='ltr'><strong>continetur</strong></span> <span class='ocrx_word' id='word_1_137' title='bbox 761 2084 803 2170; x_wconf 88' lang='lat'><strong>*).</strong></span> <span class='ocrx_word' id='word_1_138' title='bbox 854 2085 930 2171; x_wconf 87' lang='lat' dir='ltr'><strong>Ipsa</strong></span> <span class='ocrx_word' id='word_1_139' title='bbox 958 2092 1066 2152; x_wconf 86' lang='lat' dir='ltr'><strong>autem</strong></span> <span class='ocrx_word' id='word_1_140' title='bbox 1090 2086 1223 2152; x_wconf 82' lang='lat' dir='ltr'><strong>‘simul’</strong></span> <span class='ocrx_word' id='word_1_141' title='bbox 1244 2089 1320 2154; x_wconf 71' lang='lat' dir='ltr'><strong>uotis</strong></span> 
     </span>
    </p>
   </div>
   <div class='ocr_carea' id='block_1_4' title="bbox 189 2311 1320 4507">
    <p class='ocr_par' dir='ltr' id='par_1_4' title="bbox 189 2311 1320 4135">
     <span class='ocr_line' id='line_1_18' title="bbox 261 2311 1320 2384; baseline 0.002 -16"><span class='ocrx_word' id='word_1_142' title='bbox 261 2317 287 2381; x_wconf 71' lang='lat'><strong>⁸)</strong></span> <span class='ocrx_word' id='word_1_143' title='bbox 306 2315 337 2368; x_wconf 91' lang='lat' dir='ltr'><strong>ln</strong></span> <span class='ocrx_word' id='word_1_144' title='bbox 356 2312 484 2382; x_wconf 76' lang='lat' dir='ltr'><strong>epistulis</strong></span> <span class='ocrx_word' id='word_1_145' title='bbox 498 2311 639 2367; x_wconf 84' lang='lat' dir='ltr'><strong>Ciceronis</strong></span> <span class='ocrx_word' id='word_1_146' title='bbox 657 2315 727 2381; x_wconf 87' lang='lat' dir='ltr'><strong>quot</strong></span> <span class='ocrx_word' id='word_1_147' title='bbox 745 2313 865 2383; x_wconf 82' lang='lat' dir='ltr'><strong>vestigia</strong></span> <span class='ocrx_word' id='word_1_148' title='bbox 883 2313 1018 2368; x_wconf 87' lang='lat' dir='ltr'><strong>sermonis</strong></span> <span class='ocrx_word' id='word_1_149' title='bbox 1037 2314 1171 2383; x_wconf 80' lang='lat' dir='ltr'><strong>vulgaris,</strong></span> <span class='ocrx_word' id='word_1_150' title='bbox 1192 2316 1241 2384; x_wconf 90' lang='lat' dir='ltr'><strong>qui</strong></span> <span class='ocrx_word' id='word_1_151' title='bbox 1258 2314 1320 2370; x_wconf 87' lang='lat' dir='ltr'><strong>idea</strong></span> 
     </span>
     <span class='ocr_line' id='line_1_19' title="bbox 190 2401 1320 2472; baseline 0.002 -16"><span class='ocrx_word' id='word_1_152' title='bbox 190 2420 248 2457; x_wconf 86' lang='lat' dir='ltr'><strong>esse</strong></span> <span class='ocrx_word' id='word_1_153' title='bbox 270 2403 377 2472; x_wconf 87' lang='lat' dir='ltr'><strong>priscus</strong></span> <span class='ocrx_word' id='word_1_154' title='bbox 400 2402 483 2468; x_wconf 91' lang='lat' dir='ltr'><strong>solet,</strong></span> <span class='ocrx_word' id='word_1_155' title='bbox 512 2404 623 2455; x_wconf 79' lang='lat' dir='ltr'><strong>servata</strong></span> <span class='ocrx_word' id='word_1_156' title='bbox 645 2401 714 2468; x_wconf 90' lang='lat' dir='ltr'><strong>sint,</strong></span> <span class='ocrx_word' id='word_1_157' title='bbox 742 2418 830 2470; x_wconf 89' lang='lat' dir='ltr'><strong>nuper</strong></span> <span class='ocrx_word' id='word_1_158' title='bbox 853 2401 965 2455; x_wconf 92' lang='lat' dir='ltr'><strong>demum</strong></span> <span class='ocrx_word' id='word_1_159' title='bbox 984 2406 1117 2457; x_wconf 73' lang='lat' dir='ltr'><strong>accurrate</strong></span> <span class='ocrx_word' id='word_1_160' title='bbox 1135 2404 1320 2458; x_wconf 80' lang='lat' dir='ltr'><strong>observation·</strong></span> 
     </span>
     <span class='ocr_line' id='line_1_20' title="bbox 190 2490 1320 2562; baseline 0.004 -18"><span class='ocrx_word' id='word_1_161' title='bbox 190 2491 352 2545; x_wconf 76' lang='lat' dir='ltr'><strong>l&#39;ranciscus</strong></span> <span class='ocrx_word' id='word_1_162' title='bbox 371 2491 556 2545; x_wconf 86' lang='lat' dir='ltr'><strong>Buechelerus</strong></span> <span class='ocrx_word' id='word_1_163' title='bbox 578 2494 740 2559; x_wconf 88' lang='lat' dir='ltr'><strong>persecutus</strong></span> <span class='ocrx_word' id='word_1_164' title='bbox 762 2493 807 2545; x_wconf 88' lang='lat' dir='ltr'><strong>est</strong></span> <span class='ocrx_word' id='word_1_165' title='bbox 824 2490 893 2544; x_wconf 80' lang='lat' dir='ltr'><strong>Mus</strong></span> <span class='ocrx_word' id='word_1_166' title='bbox 913 2491 1001 2546; x_wconf 87' lang='lat' dir='ltr'><strong>Rbcn.</strong></span> <span class='ocrx_word' id='word_1_167' title='bbox 1020 2491 1058 2544; x_wconf 83' lang='lat' dir='ltr'><strong>Xl</strong></span> <span class='ocrx_word' id='word_1_168' title='bbox 1077 2509 1105 2560; x_wconf 90' lang='lat' dir='ltr'><strong>p.</strong></span> <span class='ocrx_word' id='word_1_169' title='bbox 1125 2498 1178 2546; x_wconf 77' lang='lat'><strong>500</strong></span> <span class='ocrx_word' id='word_1_170' title='bbox 1193 2511 1254 2562; x_wconf 88' lang='lat' dir='ltr'><strong>sqq.</strong></span> <span class='ocrx_word' id='word_1_171' title='bbox 1289 2492 1320 2549; x_wconf 74' lang='lat' dir='ltr'><strong>E·</strong></span> 
     </span>
     <span class='ocr_line' id='line_1_21' title="bbox 189 2577 1320 2649; baseline 0.001 -15"><span class='ocrx_word' id='word_1_172' title='bbox 189 2580 277 2648; x_wconf 79' lang='lat' dir='ltr'><strong>igitur</strong></span> <span class='ocrx_word' id='word_1_173' title='bbox 300 2580 348 2634; x_wconf 88' lang='lat' dir='ltr'><strong>ille</strong></span> <span class='ocrx_word' id='word_1_174' title='bbox 372 2580 456 2639; x_wconf 84' lang='lat' dir='ltr'><strong>etiam</strong></span> <span class='ocrx_word' id='word_1_175' title='bbox 480 2580 533 2634; x_wconf 89' lang='lat' dir='ltr'><strong>hoc</strong></span> <span class='ocrx_word' id='word_1_176' title='bbox 556 2578 655 2645; x_wconf 80' lang='lat' dir='ltr'><strong>refert,</strong></span> <span class='ocrx_word' id='word_1_177' title='bbox 682 2578 757 2647; x_wconf 88' lang='lat' dir='ltr'><strong>qnod</strong></span> <span class='ocrx_word' id='word_1_178' title='bbox 780 2578 817 2631; x_wconf 87' lang='lat' dir='ltr'><strong>ad</strong></span> <span class='ocrx_word' id='word_1_179' title='bbox 840 2579 898 2632; x_wconf 76' lang='lat' dir='ltr'><strong>art.</strong></span> <span class='ocrx_word' id='word_1_180' title='bbox 918 2577 984 2645; x_wconf 90' lang='lat' dir='ltr'><strong>Vll,</strong></span> <span class='ocrx_word' id='word_1_181' title='bbox 1003 2583 1028 2645; x_wconf 84' lang='grc'><strong>9,</strong></span> <span class='ocrx_word' id='word_1_182' title='bbox 1047 2585 1064 2633; x_wconf 73' lang='grc'>2</span> <span class='ocrx_word' id='word_1_183' title='bbox 1089 2580 1225 2649; x_wconf 89' lang='lat' dir='ltr'><strong>scriptum</strong></span> <span class='ocrx_word' id='word_1_184' title='bbox 1247 2584 1320 2637; x_wconf 74' lang='lat' dir='ltr'><strong>sate</strong></span> 
     </span>
     <span class='ocr_line' id='line_1_22' title="bbox 189 2666 1320 2737; baseline 0.001 -15"><span class='ocrx_word' id='word_1_185' title='bbox 189 2670 287 2734; x_wconf 83' lang='lat' dir='ltr'><strong>multo,</strong></span> <span class='ocrx_word' id='word_1_186' title='bbox 313 2669 362 2722; x_wconf 91' lang='lat' dir='ltr'><strong>ubi</strong></span> <span class='ocrx_word' id='word_1_187' title='bbox 385 2668 525 2722; x_wconf 85' lang='lat' dir='ltr'><strong>sententia</strong></span> <span class='ocrx_word' id='word_1_188' title='bbox 547 2667 666 2735; x_wconf 88' lang='lat' dir='ltr'><strong>requirit</strong></span> <span class='ocrx_word' id='word_1_189' title='bbox 686 2668 768 2720; x_wconf 77' lang='lat' dir='ltr'><strong>simul</strong></span> <span class='ocrx_word' id='word_1_190' title='bbox 790 2666 943 2720; x_wconf 83' lang='lat' dir='ltr'><strong>notionem:</strong></span> <span class='ocrx_word' id='word_1_191' title='bbox 969 2667 1077 2737; x_wconf 77' lang='lat' dir='ltr'><strong>,quippe</strong></span> <span class='ocrx_word' id='word_1_192' title='bbox 1101 2667 1251 2723; x_wconf 87' lang='lat' dir='ltr'><strong>conflatam</strong></span> <span class='ocrx_word' id='word_1_193' title='bbox 1272 2684 1320 2722; x_wconf 71' lang='lat' dir='ltr'><strong>en</strong></span> 
     </span>
     <span class='ocr_line' id='line_1_23' title="bbox 190 2754 1320 2824; baseline 0.002 -15"><span class='ocrx_word' id='word_1_194' title='bbox 190 2770 321 2811; x_wconf 81' lang='lat' dir='ltr'><strong>srrsunno</strong></span> <span class='ocrx_word' id='word_1_195' title='bbox 340 2755 507 2824; x_wconf 78' lang='lat' dir='ltr'><strong>scripturam</strong></span> <span class='ocrx_word' id='word_1_196' title='bbox 526 2772 541 2809; x_wconf 91' lang='lat' dir='ltr'><strong>e</strong></span> <span class='ocrx_word' id='word_1_197' title='bbox 562 2754 723 2819; x_wconf 70' lang='lat' dir='ltr'><strong>venustiore,</strong></span> <span class='ocrx_word' id='word_1_198' title='bbox 746 2771 803 2822; x_wconf 89' lang='lat' dir='ltr'><strong>qua</strong></span> <span class='ocrx_word' id='word_1_199' title='bbox 824 2754 958 2809; x_wconf 90' lang='lat' dir='ltr'><strong>hocloco</strong></span> <span class='ocrx_word' id='word_1_200' title='bbox 978 2754 1076 2809; x_wconf 85' lang='lat' dir='ltr'><strong>luserit</strong></span> <span class='ocrx_word' id='word_1_201' title='bbox 1094 2754 1205 2823; x_wconf 82' lang='lat' dir='ltr'><strong>Cicero,</strong></span> <span class='ocrx_word' id='word_1_202' title='bbox 1228 2768 1320 2811; x_wconf 80' lang='lat' dir='ltr'><strong>smrr</strong></span> 
     </span>
     <span class='ocr_line' id='line_1_24' title="bbox 191 2841 1320 2914; baseline -0.001 -15"><span class='ocrx_word' id='word_1_203' title='bbox 191 2845 330 2914; x_wconf 88' lang='lat' dir='ltr'><strong>particula</strong></span> <span class='ocrx_word' id='word_1_204' title='bbox 348 2843 454 2899; x_wconf 89' lang='lat' dir='ltr'><strong>eteius</strong></span> <span class='ocrx_word' id='word_1_205' title='bbox 473 2843 702 2912; x_wconf 80' lang='lat' dir='ltr'><strong>interpretatione</strong></span> <span class='ocrx_word' id='word_1_206' title='bbox 721 2855 822 2897; x_wconf 73' lang='lat' dir='ltr'><strong>emur..</strong></span> <span class='ocrx_word' id='word_1_207' title='bbox 860 2841 950 2907; x_wconf 81' lang='lat' dir='ltr'><strong>Quam</strong></span> <span class='ocrx_word' id='word_1_208' title='bbox 974 2846 1069 2897; x_wconf 88' lang='lat' dir='ltr'><strong>autem</strong></span> <span class='ocrx_word' id='word_1_209' title='bbox 1093 2842 1142 2897; x_wconf 88' lang='lat' dir='ltr'><strong>diu</strong></span> <span class='ocrx_word' id='word_1_210' title='bbox 1164 2846 1260 2898; x_wconf 59' lang='lat' dir='ltr'><strong>amita</strong></span> <span class='ocrx_word' id='word_1_211' title='bbox 1276 2844 1320 2898; x_wconf 81' lang='lat' dir='ltr'><strong>ion</strong></span> 
     </span>
     <span class='ocr_line' id='line_1_25' title="bbox 191 2929 1320 3000; baseline -0.003 -11"><span class='ocrx_word' id='word_1_212' title='bbox 191 2952 252 2989; x_wconf 86' lang='lat' dir='ltr'><strong>mae</strong></span> <span class='ocrx_word' id='word_1_213' title='bbox 271 2953 336 2987; x_wconf 89' lang='lat' dir='ltr'><strong>usus</strong></span> <span class='ocrx_word' id='word_1_214' title='bbox 355 2931 497 2998; x_wconf 81' lang='lat' dir='ltr'><strong>manserit,</strong></span> <span class='ocrx_word' id='word_1_215' title='bbox 516 2932 603 2986; x_wconf 88' lang='lat' dir='ltr'><strong>etiam</strong></span> <span class='ocrx_word' id='word_1_216' title='bbox 622 2948 654 2984; x_wconf 88' lang='lat' dir='ltr'><strong>ex</strong></span> <span class='ocrx_word' id='word_1_217' title='bbox 674 2930 875 3000; x_wconf 82' lang='lat' dir='ltr'><strong>epigrammate</strong></span> <span class='ocrx_word' id='word_1_218' title='bbox 894 2929 1082 2999; x_wconf 79' lang='lat' dir='ltr'><strong>Anthologiae</strong></span> <span class='ocrx_word' id='word_1_219' title='bbox 1097 2931 1131 2997; x_wconf 90' lang='lat' dir='ltr'><strong>V,</strong></span> <span class='ocrx_word' id='word_1_220' title='bbox 1148 2939 1172 3000; x_wconf 90' lang='lat' dir='ltr'><strong>l,</strong></span> <span class='ocrx_word' id='word_1_221' title='bbox 1188 2940 1222 2986; x_wconf 90' lang='lat'><strong>10</strong></span> <span class='ocrx_word' id='word_1_222' title='bbox 1239 2932 1320 2986; x_wconf 86' lang='lat' dir='ltr'><strong>Bura:</strong></span> 
     </span>
     <span class='ocr_line' id='line_1_26' title="bbox 190 3018 1320 3091; baseline 0 -17"><span class='ocrx_word' id='word_1_223' title='bbox 190 3024 270 3088; x_wconf 73' lang='lat'>(1024</span> <span class='ocrx_word' id='word_1_224' title='bbox 288 3020 364 3091; x_wconf 89' lang='lat' dir='ltr'><strong>apud</strong></span> <span class='ocrx_word' id='word_1_225' title='bbox 383 3018 537 3088; x_wconf 80' lang='lat' dir='ltr'><strong>Meyerum)</strong></span> <span class='ocrx_word' id='word_1_226' title='bbox 556 3018 696 3088; x_wconf 79' lang='lat' dir='ltr'><strong>intellegi:</strong></span> <span class='ocrx_word' id='word_1_227' title='bbox 724 3018 802 3072; x_wconf 80' lang='lat' dir='ltr'><strong>Hinc</strong></span> <span class='ocrx_word' id='word_1_228' title='bbox 819 3019 952 3082; x_wconf 70' lang='lat' dir='ltr'><strong>bomiscos,</strong></span> <span class='ocrx_word' id='word_1_229' title='bbox 977 3025 1102 3073; x_wconf 76' lang='lat' dir='ltr'><strong>amento</strong></span> <span class='ocrx_word' id='word_1_230' title='bbox 1119 3021 1230 3085; x_wconf 60' lang='lat' dir='ltr'><strong>amita,</strong></span> <span class='ocrx_word' id='word_1_231' title='bbox 1252 3025 1278 3074; x_wconf 81' lang='lat' dir='ltr'><strong>ct</strong></span> <span class='ocrx_word' id='word_1_232' title='bbox 1292 3035 1320 3073; x_wconf 82' lang='lat' dir='ltr'><strong>ae</strong></span> 
     </span>
     <span class='ocr_line' id='line_1_27' title="bbox 189 3106 1320 3179; baseline 0.002 -17"><span class='ocrx_word' id='word_1_233' title='bbox 189 3111 267 3163; x_wconf 78' lang='lat' dir='ltr'><strong>mim</strong></span> <span class='ocrx_word' id='word_1_234' title='bbox 284 3126 388 3164; x_wconf 81' lang='lat' dir='ltr'><strong>rerum:</strong></span> <span class='ocrx_word' id='word_1_235' title='bbox 407 3108 448 3162; x_wconf 88' lang='lat' dir='ltr'><strong>ita</strong></span> <span class='ocrx_word' id='word_1_236' title='bbox 466 3106 540 3162; x_wconf 88' lang='lat' dir='ltr'><strong>enim</strong></span> <span class='ocrx_word' id='word_1_237' title='bbox 559 3106 619 3174; x_wconf 88' lang='lat' dir='ltr'><strong>(sed</strong></span> <span class='ocrx_word' id='word_1_238' title='bbox 637 3106 691 3160; x_wconf 91' lang='lat' dir='ltr'><strong>hoc</strong></span> <span class='ocrx_word' id='word_1_239' title='bbox 709 3109 822 3176; x_wconf 85' lang='lat' dir='ltr'><strong>praeter</strong></span> <span class='ocrx_word' id='word_1_240' title='bbox 839 3107 907 3174; x_wconf 86' lang='lat' dir='ltr'><strong>alia)</strong></span> <span class='ocrx_word' id='word_1_241' title='bbox 927 3107 1140 3161; x_wconf 84' lang='lat' dir='ltr'><strong>emaculandum</strong></span> <span class='ocrx_word' id='word_1_242' title='bbox 1154 3108 1245 3164; x_wconf 77' lang='lat' dir='ltr'><strong>rideri</strong></span> <span class='ocrx_word' id='word_1_243' title='bbox 1258 3125 1320 3179; x_wconf 83' lang='lat' dir='ltr'><strong>quo·</strong></span> 
     </span>
     <span class='ocr_line' id='line_1_28' title="bbox 191 3194 1320 3267; baseline 0 -16"><span class='ocrx_word' id='word_1_244' title='bbox 191 3198 322 3267; x_wconf 80' lang='lat' dir='ltr'><strong>vulgatur</strong></span> <span class='ocrx_word' id='word_1_245' title='bbox 338 3199 421 3251; x_wconf 74' lang='lat' dir='ltr'><strong>aimrd</strong></span> <span class='ocrx_word' id='word_1_246' title='bbox 439 3204 470 3252; x_wconf 80' lang='lat' dir='ltr'><strong>ct.</strong></span> <span class='ocrx_word' id='word_1_247' title='bbox 508 3197 533 3249; x_wconf 84' lang='lat' dir='ltr'>V</span> <span class='ocrx_word' id='word_1_248' title='bbox 535 3213 613 3251; x_wconf 90' lang='lat' dir='ltr'><strong>erum</strong></span> <span class='ocrx_word' id='word_1_249' title='bbox 631 3194 718 3249; x_wconf 88' lang='lat' dir='ltr'><strong>etiam</strong></span> <span class='ocrx_word' id='word_1_250' title='bbox 737 3195 902 3265; x_wconf 87' lang='lat' dir='ltr'><strong>antiquioris</strong></span> <span class='ocrx_word' id='word_1_251' title='bbox 919 3197 1031 3250; x_wconf 70' lang='lat' dir='ltr'><strong>similar</strong></span> <span class='ocrx_word' id='word_1_252' title='bbox 1053 3195 1172 3265; x_wconf 81' lang='lat' dir='ltr'><strong>formae,</strong></span> <span class='ocrx_word' id='word_1_253' title='bbox 1195 3197 1225 3251; x_wconf 90' lang='lat' dir='ltr'><strong>in</strong></span> <span class='ocrx_word' id='word_1_254' title='bbox 1249 3213 1320 3267; x_wconf 77' lang='lat' dir='ltr'><strong>quan</strong></span> 
     </span>
     <span class='ocr_line' id='line_1_29' title="bbox 192 3283 1320 3356; baseline -0.001 -16"><span class='ocrx_word' id='word_1_255' title='bbox 192 3303 276 3355; x_wconf 85' lang='lat' dir='ltr'><strong>supra</strong></span> <span class='ocrx_word' id='word_1_256' title='bbox 295 3285 394 3339; x_wconf 84' lang='lat' dir='ltr'><strong>incidit</strong></span> <span class='ocrx_word' id='word_1_257' title='bbox 412 3283 580 3354; x_wconf 85' lang='lat' dir='ltr'><strong>disputatio,</strong></span> <span class='ocrx_word' id='word_1_258' title='bbox 603 3284 713 3338; x_wconf 78' lang='lat' dir='ltr'><strong>fallitur</strong></span> <span class='ocrx_word' id='word_1_259' title='bbox 735 3288 830 3340; x_wconf 88' lang='lat' dir='ltr'><strong>nostra</strong></span> <span class='ocrx_word' id='word_1_260' title='bbox 852 3285 991 3340; x_wconf 81' lang='lat' dir='ltr'><strong>sententia</strong></span> <span class='ocrx_word' id='word_1_261' title='bbox 1009 3285 1058 3354; x_wconf 93' lang='lat' dir='ltr'><strong>qui</strong></span> <span class='ocrx_word' id='word_1_262' title='bbox 1077 3286 1227 3355; x_wconf 79' lang='lat' dir='ltr'><strong>vestigium</strong></span> <span class='ocrx_word' id='word_1_263' title='bbox 1246 3283 1320 3356; x_wconf 82' lang='lat' dir='ltr'><strong>auspi</strong></span> 
     </span>
     <span class='ocr_line' id='line_1_30' title="bbox 192 3371 1320 3442; baseline -0.002 -13"><span class='ocrx_word' id='word_1_264' title='bbox 192 3376 271 3429; x_wconf 85' lang='lat' dir='ltr'><strong>catus</strong></span> <span class='ocrx_word' id='word_1_265' title='bbox 290 3377 334 3428; x_wconf 84' lang='lat' dir='ltr'><strong>cst</strong></span> <span class='ocrx_word' id='word_1_266' title='bbox 351 3372 381 3426; x_wconf 90' lang='lat' dir='ltr'><strong>in</strong></span> <span class='ocrx_word' id='word_1_267' title='bbox 399 3371 493 3427; x_wconf 87' lang='lat' dir='ltr'><strong>Hostii</strong></span> <span class='ocrx_word' id='word_1_268' title='bbox 510 3371 635 3426; x_wconf 81' lang='lat' dir='ltr'><strong>versibus</strong></span> <span class='ocrx_word' id='word_1_269' title='bbox 654 3371 783 3427; x_wconf 90' lang='lat' dir='ltr'><strong>relictum</strong></span> <span class='ocrx_word' id='word_1_270' title='bbox 802 3374 877 3442; x_wconf 90' lang='lat' dir='ltr'><strong>apud</strong></span> <span class='ocrx_word' id='word_1_271' title='bbox 895 3373 1068 3429; x_wconf 84' lang='lat' dir='ltr'><strong>Macrobinm</strong></span> <span class='ocrx_word' id='word_1_272' title='bbox 1087 3373 1250 3442; x_wconf 76' lang='lat' dir='ltr'><strong>Saturnvl,</strong></span> <span class='ocrx_word' id='word_1_273' title='bbox 1264 3376 1320 3441; x_wconf 65' lang='grc' dir='ltr'><strong><em>Μ</em></strong></span> 
     </span>
     <span class='ocr_line' id='line_1_31' title="bbox 191 3461 1320 3532; baseline 0 -16"><span class='ocrx_word' id='word_1_274' title='bbox 191 3462 252 3516; x_wconf 79' lang='lat' dir='ltr'><strong>Dia</strong></span> <span class='ocrx_word' id='word_1_275' title='bbox 271 3462 418 3527; x_wconf 79' lang='lat' dir='ltr'><strong>Minerua,</strong></span> <span class='ocrx_word' id='word_1_276' title='bbox 435 3463 517 3515; x_wconf 61' lang='lat' dir='ltr'><strong>amul</strong></span> <span class='ocrx_word' id='word_1_277' title='bbox 535 3467 625 3516; x_wconf 68' lang='lat' dir='ltr'><strong>amm</strong></span> <span class='ocrx_word' id='word_1_278' title='bbox 643 3463 766 3515; x_wconf 69' lang='lat' dir='ltr'><strong>inuidos</strong></span> <span class='ocrx_word' id='word_1_279' title='bbox 780 3462 880 3530; x_wconf 78' lang='lat' dir='ltr'><strong>Apollo</strong></span> <span class='ocrx_word' id='word_1_280' title='bbox 892 3465 902 3531; x_wconf 77' lang='lat' dir='ltr'><strong>l</strong></span> <span class='ocrx_word' id='word_1_281' title='bbox 916 3464 1100 3532; x_wconf 65' lang='lat' dir='ltr'><strong>Arquitenens</strong></span> <span class='ocrx_word' id='word_1_282' title='bbox 1113 3463 1260 3518; x_wconf 73' lang='lat' dir='ltr'><strong>Latonius.</strong></span> <span class='ocrx_word' id='word_1_283' title='bbox 1291 3461 1320 3516; x_wconf 89' lang='lat' dir='ltr'><strong>llr</strong></span> 
     </span>
     <span class='ocr_line' id='line_1_32' title="bbox 191 3547 1320 3619; baseline 0 -14"><span class='ocrx_word' id='word_1_284' title='bbox 191 3551 265 3605; x_wconf 89' lang='lat' dir='ltr'><strong>enim</strong></span> <span class='ocrx_word' id='word_1_285' title='bbox 290 3550 343 3605; x_wconf 85' lang='lat' dir='ltr'><strong>etsi</strong></span> <span class='ocrx_word' id='word_1_286' title='bbox 367 3547 514 3619; x_wconf 86' lang='lat' dir='ltr'><strong>prosodiae</strong></span> <span class='ocrx_word' id='word_1_287' title='bbox 537 3548 650 3617; x_wconf 91' lang='lat' dir='ltr'><strong>quidem</strong></span> <span class='ocrx_word' id='word_1_288' title='bbox 673 3548 763 3604; x_wconf 87' lang='lat' dir='ltr'><strong>videri</strong></span> <span class='ocrx_word' id='word_1_289' title='bbox 780 3551 876 3618; x_wconf 90' lang='lat' dir='ltr'><strong>potest</strong></span> <span class='ocrx_word' id='word_1_290' title='bbox 894 3549 934 3603; x_wconf 90' lang='lat' dir='ltr'><strong>sic</strong></span> <span class='ocrx_word' id='word_1_291' title='bbox 952 3550 1018 3604; x_wconf 86' lang='lat' dir='ltr'><strong>satis</strong></span> <span class='ocrx_word' id='word_1_292' title='bbox 1037 3550 1097 3605; x_wconf 86' lang='lat' dir='ltr'><strong>lieri</strong></span> <span class='ocrx_word' id='word_1_293' title='bbox 1115 3552 1228 3606; x_wconf 60' lang='lat' dir='ltr'><strong>simitu</strong></span> <span class='ocrx_word' id='word_1_294' title='bbox 1245 3556 1320 3605; x_wconf 61' lang='lat' dir='ltr'><strong>aaa·</strong></span> 
     </span>
     <span class='ocr_line' id='line_1_33' title="bbox 191 3636 1320 3707; baseline 0.004 -16"><span class='ocrx_word' id='word_1_295' title='bbox 191 3640 209 3695; x_wconf 80' lang='grc' dir='ltr'><strong>ι’.</strong></span> <span class='ocrx_word' id='word_1_296' title='bbox 221 3640 270 3694; x_wconf 63' lang='lat' dir='ltr'><strong>A:</strong></span> <span class='ocrx_word' id='word_1_297' title='bbox 288 3638 399 3707; x_wconf 89' lang='lat' dir='ltr'><strong>qnando</strong></span> <span class='ocrx_word' id='word_1_298' title='bbox 419 3636 555 3706; x_wconf 87' lang='lat' dir='ltr'><strong>producta</strong></span> <span class='ocrx_word' id='word_1_299' title='bbox 573 3637 674 3691; x_wconf 88' lang='lat' dir='ltr'><strong>ultima</strong></span> <span class='ocrx_word' id='word_1_300' title='bbox 691 3638 902 3707; x_wconf 89' lang='lat' dir='ltr'><strong>pronuntiatum</strong></span> <span class='ocrx_word' id='word_1_301' title='bbox 922 3655 981 3693; x_wconf 87' lang='lat' dir='ltr'><strong>asse</strong></span> <span class='ocrx_word' id='word_1_302' title='bbox 999 3641 1110 3693; x_wconf 68' lang='lat' dir='ltr'><strong>sisaim</strong></span> <span class='ocrx_word' id='word_1_303' title='bbox 1122 3639 1181 3694; x_wconf 87' lang='lat' dir='ltr'><strong>iam</strong></span> <span class='ocrx_word' id='word_1_304' title='bbox 1196 3640 1264 3695; x_wconf 87' lang='lat' dir='ltr'><strong>olim</strong></span> <span class='ocrx_word' id='word_1_305' title='bbox 1277 3638 1320 3694; x_wconf 80' lang='lat' dir='ltr'><strong>dir</strong></span> 
     </span>
     <span class='ocr_line' id='line_1_34' title="bbox 191 3726 1320 3796; baseline 0.002 -16"><span class='ocrx_word' id='word_1_306' title='bbox 191 3726 336 3796; x_wconf 88' lang='lat' dir='ltr'><strong>probabile</strong></span> <span class='ocrx_word' id='word_1_307' title='bbox 359 3742 431 3781; x_wconf 86' lang='lat' dir='ltr'><strong>esse:</strong></span> <span class='ocrx_word' id='word_1_308' title='bbox 461 3728 555 3780; x_wconf 81' lang='lat' dir='ltr'><strong>tamen</strong></span> <span class='ocrx_word' id='word_1_309' title='bbox 580 3743 597 3779; x_wconf 88' lang='lat' dir='ltr'><strong>a</strong></span> <span class='ocrx_word' id='word_1_310' title='bbox 618 3743 794 3781; x_wconf 89' lang='lat' dir='ltr'><strong>numerorum</strong></span> <span class='ocrx_word' id='word_1_311' title='bbox 818 3726 926 3781; x_wconf 87' lang='lat' dir='ltr'><strong>ratione</strong></span> <span class='ocrx_word' id='word_1_312' title='bbox 945 3726 991 3780; x_wconf 86' lang='lat' dir='ltr'><strong>vix</strong></span> <span class='ocrx_word' id='word_1_313' title='bbox 1015 3730 1148 3795; x_wconf 85' lang='lat' dir='ltr'><strong>poterunt</strong></span> <span class='ocrx_word' id='word_1_314' title='bbox 1166 3727 1222 3782; x_wconf 91' lang='lat' dir='ltr'><strong>duo</strong></span> <span class='ocrx_word' id='word_1_315' title='bbox 1241 3745 1320 3782; x_wconf 83' lang='lat' dir='ltr'><strong>versu</strong></span> 
     </span>
     <span class='ocr_line' id='line_1_35' title="bbox 191 3803 1320 3885; baseline -0.002 -15"><span class='ocrx_word' id='word_1_316' title='bbox 191 3814 316 3884; x_wconf 81' lang='lat' dir='ltr'><strong>contigui</strong></span> <span class='ocrx_word' id='word_1_317' title='bbox 329 3815 440 3885; x_wconf 86' lang='lat' dir='ltr'><strong>placere</strong></span> <span class='ocrx_word' id='word_1_318' title='bbox 459 3814 588 3884; x_wconf 82' lang='lat' dir='ltr'><strong>neglecta</strong></span> <span class='ocrx_word' id='word_1_319' title='bbox 606 3832 721 3869; x_wconf 86' lang='lat' dir='ltr'><strong>caesura</strong></span> <span class='ocrx_word' id='word_1_320' title='bbox 735 3815 891 3884; x_wconf 87' lang='lat' dir='ltr'><strong>aequaliter</strong></span> <span class='ocrx_word' id='word_1_321' title='bbox 904 3814 1069 3870; x_wconf 84' lang='lat' dir='ltr'><strong>inconcinni</strong></span> <span class='ocrx_word' id='word_1_322' title='bbox 1098 3815 1173 3884; x_wconf 82' lang='lat' dir='ltr'><strong>Ergo</strong></span> <span class='ocrx_word' id='word_1_323' title='bbox 1187 3803 1229 3870; x_wconf 85' lang='lat' dir='ltr'><strong>sic</strong></span> <span class='ocrx_word' id='word_1_324' title='bbox 1242 3813 1320 3885; x_wconf 81' lang='lat' dir='ltr'><strong>potia</strong></span> 
     </span>
     <span class='ocr_line' id='line_1_36' title="bbox 191 3901 1320 3973; baseline 0 -15"><span class='ocrx_word' id='word_1_325' title='bbox 191 3903 370 3958; x_wconf 87' lang='lat' dir='ltr'><strong>statuendum</strong></span> <span class='ocrx_word' id='word_1_326' title='bbox 389 3901 507 3969; x_wconf 87' lang='lat' dir='ltr'><strong>videtur,</strong></span> <span class='ocrx_word' id='word_1_327' title='bbox 530 3918 587 3956; x_wconf 88' lang='lat' dir='ltr'><strong>una</strong></span> <span class='ocrx_word' id='word_1_328' title='bbox 610 3902 763 3973; x_wconf 88' lang='lat' dir='ltr'><strong>eademque</strong></span> <span class='ocrx_word' id='word_1_329' title='bbox 787 3905 889 3958; x_wconf 88' lang='lat' dir='ltr'><strong>lacuna</strong></span> <span class='ocrx_word' id='word_1_330' title='bbox 912 3904 1056 3973; x_wconf 87' lang='lat' dir='ltr'><strong>utriusque</strong></span> <span class='ocrx_word' id='word_1_331' title='bbox 1075 3921 1171 3960; x_wconf 83' lang='lat' dir='ltr'><strong>versus</strong></span> <span class='ocrx_word' id='word_1_332' title='bbox 1193 3919 1320 3958; x_wconf 72' lang='lat' dir='ltr'><strong>commu</strong></span> 
     </span>
     <span class='ocr_line' id='line_1_37' title="bbox 191 3988 1320 4064; baseline 0.002 -19"><span class='ocrx_word' id='word_1_333' title='bbox 191 3991 298 4060; x_wconf 89' lang='lat' dir='ltr'><strong>aliquid</strong></span> <span class='ocrx_word' id='word_1_334' title='bbox 317 3991 346 4046; x_wconf 89' lang='lat' dir='ltr'><strong>in</strong></span> <span class='ocrx_word' id='word_1_335' title='bbox 363 3993 482 4060; x_wconf 87' lang='lat' dir='ltr'><strong>utroque</strong></span> <span class='ocrx_word' id='word_1_336' title='bbox 501 3991 682 4047; x_wconf 85' lang='lat' dir='ltr'><strong>intercidisse.</strong></span> <span class='ocrx_word' id='word_1_337' title='bbox 715 3988 807 4062; x_wconf 81' lang='lat' dir='ltr'><strong>Velut,</strong></span> <span class='ocrx_word' id='word_1_338' title='bbox 826 3994 920 4062; x_wconf 87' lang='lat' dir='ltr'><strong>aliquo</strong></span> <span class='ocrx_word' id='word_1_339' title='bbox 940 3996 972 4047; x_wconf 91' lang='lat' dir='ltr'><strong>ut</strong></span> <span class='ocrx_word' id='word_1_340' title='bbox 986 3993 1113 4064; x_wconf 88' lang='lat' dir='ltr'><strong>exemplo</strong></span> <span class='ocrx_word' id='word_1_341' title='bbox 1128 3994 1200 4061; x_wconf 79' lang='lat' dir='ltr'><strong>utar,</strong></span> <span class='ocrx_word' id='word_1_342' title='bbox 1218 3991 1248 4048; x_wconf 89' lang='lat' dir='ltr'><strong>iu</strong></span> <span class='ocrx_word' id='word_1_343' title='bbox 1260 3992 1320 4047; x_wconf 77' lang='lat' dir='ltr'><strong>ban</strong></span> 
     </span>
     <span class='ocr_line' id='line_1_38' title="bbox 191 4079 317 4135; baseline 0.016 -2"><span class='ocrx_word' id='word_1_344' title='bbox 191 4079 317 4135; x_wconf 91' lang='lat' dir='ltr'><strong>modurn:</strong></span> 
     </span>
    </p>

    <p class='ocr_par' dir='ltr' id='par_1_5' title="bbox 351 4168 1148 4328">
     <span class='ocr_line' id='line_1_39' title="bbox 351 4168 1148 4239; baseline 0.001 -17"><span class='ocrx_word' id='word_1_345' title='bbox 351 4169 411 4223; x_wconf 83' lang='lat' dir='ltr'><strong>Dia</strong></span> <span class='ocrx_word' id='word_1_346' title='bbox 430 4169 567 4222; x_wconf 80' lang='lat' dir='ltr'><strong>Minerua</strong></span> <span class='ocrx_word' id='word_1_347' title='bbox 586 4168 680 4239; x_wconf 85' lang='lat' dir='ltr'><strong>[ruit],</strong></span> <span class='ocrx_word' id='word_1_348' title='bbox 699 4169 781 4223; x_wconf 59' lang='lat' dir='ltr'><strong>emal</strong></span> <span class='ocrx_word' id='word_1_349' title='bbox 799 4174 889 4224; x_wconf 73' lang='lat' dir='ltr'><strong>auem</strong></span> <span class='ocrx_word' id='word_1_350' title='bbox 907 4171 1029 4223; x_wconf 80' lang='lat' dir='ltr'><strong>inuictus</strong></span> <span class='ocrx_word' id='word_1_351' title='bbox 1047 4170 1148 4239; x_wconf 79' lang='lat' dir='ltr'><strong>Apollo</strong></span> 
     </span>
     <span class='ocr_line' id='line_1_40' title="bbox 351 4257 829 4328; baseline 0.004 -17"><span class='ocrx_word' id='word_1_352' title='bbox 351 4259 534 4327; x_wconf 74' lang='lat' dir='ltr'><strong>Arquitenens</strong></span> <span class='ocrx_word' id='word_1_353' title='bbox 553 4257 664 4328; x_wconf 86' lang='lat' dir='ltr'><strong>[instat]</strong></span> <span class='ocrx_word' id='word_1_354' title='bbox 684 4258 829 4313; x_wconf 83' lang='lat' dir='ltr'><strong>Latonius.</strong></span> 
     </span>
    </p>

    <p class='ocr_par' dir='ltr' id='par_1_6' title="bbox 193 4345 1320 4507">
     <span class='ocr_line' id='line_1_41' title="bbox 193 4345 1320 4417; baseline 0.004 -19"><span class='ocrx_word' id='word_1_355' title='bbox 193 4347 223 4399; x_wconf 92' lang='lat' dir='ltr'><strong>ln</strong></span> <span class='ocrx_word' id='word_1_356' title='bbox 243 4350 374 4415; x_wconf 84' lang='lat' dir='ltr'><strong>promptu</strong></span> <span class='ocrx_word' id='word_1_357' title='bbox 392 4349 435 4399; x_wconf 88' lang='lat' dir='ltr'><strong>est</strong></span> <span class='ocrx_word' id='word_1_358' title='bbox 454 4345 527 4398; x_wconf 88' lang='lat' dir='ltr'><strong>enim</strong></span> <span class='ocrx_word' id='word_1_359' title='bbox 547 4361 562 4398; x_wconf 89' lang='lat' dir='ltr'><strong>c</strong></span> <span class='ocrx_word' id='word_1_360' title='bbox 580 4362 691 4414; x_wconf 82' lang='lat' dir='ltr'><strong>pugnae</strong></span> <span class='ocrx_word' id='word_1_361' title='bbox 706 4345 892 4415; x_wconf 80' lang='lat' dir='ltr'><strong>descriptione</strong></span> <span class='ocrx_word' id='word_1_362' title='bbox 907 4346 974 4399; x_wconf 89' lang='lat' dir='ltr'><strong>belli</strong></span> <span class='ocrx_word' id='word_1_363' title='bbox 989 4345 1104 4401; x_wconf 87' lang='lat' dir='ltr'><strong>Ilistrici</strong></span> <span class='ocrx_word' id='word_1_364' title='bbox 1116 4346 1188 4402; x_wconf 79' lang='lat' dir='ltr'><strong>baec</strong></span> <span class='ocrx_word' id='word_1_365' title='bbox 1201 4347 1320 4417; x_wconf 75' lang='lat' dir='ltr'><strong>repetere</strong></span> 
     </span>
     <span class='ocr_line' id='line_1_42' title="bbox 193 4434 1019 4507; baseline -0.001 -17"><span class='ocrx_word' id='word_1_366' title='bbox 193 4435 238 4490; x_wconf 82' lang='lat' dir='ltr'><strong>cui</strong></span> <span class='ocrx_word' id='word_1_367' title='bbox 256 4451 367 4507; x_wconf 81' lang='lat' dir='ltr'><strong>pugnae</strong></span> <span class='ocrx_word' id='word_1_368' title='bbox 385 4435 534 4488; x_wconf 87' lang='lat' dir='ltr'><strong>Homerico</strong></span> <span class='ocrx_word' id='word_1_369' title='bbox 552 4435 679 4504; x_wconf 85' lang='lat' dir='ltr'><strong>exemplo</strong></span> <span class='ocrx_word' id='word_1_370' title='bbox 698 4434 753 4504; x_wconf 89' lang='lat' dir='ltr'><strong>ipsi</strong></span> <span class='ocrx_word' id='word_1_371' title='bbox 772 4434 818 4490; x_wconf 87' lang='lat' dir='ltr'><strong>dei</strong></span> <span class='ocrx_word' id='word_1_372' title='bbox 836 4434 1019 4490; x_wconf 72' lang='lat' dir='ltr'><strong>interfuerint</strong></span> 
     </span>
    </p>
   </div>
   <div class='ocr_carea' id='block_1_5' title="bbox 0 0 1468 5046">
    <p class='ocr_par' dir='ltr' id='par_1_7' title="bbox 0 0 1468 5046">
     <span class='ocr_line' id='line_1_43' title="bbox 0 0 1468 5046; baseline 0 0"><span class='ocrx_word' id='word_1_373' title='bbox 0 0 1468 5046; x_wconf 95' lang='lat' dir='ltr'><strong> </strong></span> 
     </span>
    </p>
   </div>
  </div>
 </body>
</html>
