2924 5046
458 68 498 132 ad
522 67 715 150 sapientiam
741 66 868 130 civilem
893 68 1005 130 altera.
1042 65 1116 130 Non
1141 68 1245 151 magis
1270 67 1402 130 diffiteri
1438 91 1459 150 q

458 174 566 257 potuit
594 173 656 237 duo
685 196 755 237 esse
788 172 896 255 spatia
928 172 1136 254 principalia,
1170 173 1202 235 in
1236 172 1352 255 quibus
1386 195 1458 255 pra

399 285 402 292 ’
458 280 622 365 publicam
645 280 696 342 vel
730 279 904 363 gerendam
933 279 984 341 vel
1013 278 1246 342 defendendam
1276 278 1452 343 enitescere

459 386 599 450 humana
631 389 782 468 possent,
815 407 951 468 quorum
980 385 1118 448 alterum
1151 385 1284 466 litteris,
1318 384 1443 448 artibus

463 492 654 556 continetur.
691 490 815 555 Rursus
841 494 948 554 autem
973 490 1004 553 in
1029 477 1211 553 litterarum
1235 511 1353 574 genere
1378 491 1461 555 satis

464 598 559 681 longe
583 597 682 660 etiam
706 597 842 661 certiore
866 619 963 680 quam
987 596 1082 660 nobis
1107 596 1291 660 discrimine
1311 596 1459 661 veteribu

460 703 586 767 distare
605 727 624 767 a
645 692 867 788 scriptoribus.
904 703 996 767 Vndc
1021 703 1209 787 quintuplex
1234 702 1313 766 ordo
1338 702 1448 784 prodit

462 809 556 873 libris
591 808 802 874 Varronianis
835 808 900 893 (vel
933 811 1040 893 potius
1075 810 1231 874 librorum
1264 806 1412 891 paribus)
1454 836 1462 867 ι

463 921 574 999 aptus:
596 916 723 999 quando
744 916 969 1000 copulatorum
989 938 1061 979 cum
1080 917 1186 998 poetis
1207 916 1401 998 scriptorum
1422 937 1460 979 so

463 1022 614 1086 excedere
637 1021 732 1085 unius
761 1021 837 1085 libri
863 1022 1021 1086 ambitum
1049 1023 1134 1085 infra
1162 1021 1340 1105 apparebit.
1385 1019 1457 1083 Hae

464 1149 545 1210 quac
573 1128 815 1211 percensuimus
844 1150 916 1191 cum
947 1131 1060 1210 suapte
1087 1131 1204 1191 natura
1232 1130 1264 1190 ct
1293 1127 1451 1209 primaria

464 1234 532 1297 vita
563 1233 730 1298 hominum
760 1237 792 1297 et
821 1233 918 1297 certis
951 1234 1036 1297 inter
1064 1257 1097 1296 se
1125 1234 1241 1297 finibus
1274 1234 1429 1315 discreta,

463 1361 540 1403 sane
573 1337 775 1404 ‘inlustrium
809 1340 940 1423 aliquo
978 1339 1088 1403 modo
1125 1338 1309 1406 hominum'
1346 1361 1448 1424 prope

463 1445 637 1511 multitudo
672 1449 705 1509 ct
736 1445 936 1509 incredibilis
968 1445 1123 1522 varietas,
1156 1467 1252 1529 quam
1285 1448 1450 1512 communi

462 1551 616 1616 bifariam
636 1575 791 1617 conexam
811 1553 936 1617 duobus
956 1552 1117 1635 capitibus
1136 1553 1190 1615 vix
1210 1552 1277 1616 ullo
1297 1553 1434 1617 artificio

464 1657 509 1721 Et
531 1662 567 1722 ut
590 1682 689 1722 unum
713 1661 748 1723 in
771 1661 833 1723 fine
857 1663 954 1743 caput
978 1658 1158 1722 miscellum
1182 1659 1291 1722 dedita
1315 1681 1452 1742 operas

463 1763 647 1830 Varronem
672 1767 751 1829 satis
776 1788 890 1850 perse
914 1766 1065 1830 credibile
1086 1765 1137 1846 sit,
1161 1770 1195 1830 at
1218 1766 1297 1849 dyas
1322 1766 1433 1850 profec
1450 1794 1462 1823 Ἰι

465 1858 571 1935 lorum
597 1873 739 1954 capitum
764 1873 805 1935 ab
826 1873 905 1936 artis
925 1873 1057 1936 notione
1076 1873 1194 1935 mirum
1218 1876 1376 1955 quantum
1401 1872 1458 1935 ab

463 1976 577 2061 Itaque
610 2001 668 2042 nos
701 1979 970 2062 quemadmodum
999 1978 1083 2041 ratio
1116 1978 1189 2060 ipsa
1221 1978 1375 2061 impellit,
1409 1982 1447 2041 ut

462 2105 572 2147 rerum
596 2084 690 2167 copia
713 2106 751 2148 ac
771 2085 929 2148 varietate
953 2085 1061 2149 locum
1085 2084 1226 2168 aliquem
1251 2106 1454 2149 communem

460 2175 647 2272 spiciamus,
679 2211 742 2272 quo
774 2190 903 2254 illarum
931 2195 1059 2274 partem
1090 2190 1231 2274 aliquam
1263 2191 1461 2274 complecta

419 2338 422 2344 ·
458 2294 543 2358 idem
572 2294 733 2359 studuisse
756 2294 937 2362 Varronem
966 2301 1216 2361 consentaneum
1245 2301 1301 2360 est.
1339 2295 1409 2361 Nec
1432 2321 1460 2362 s:

386 2487 392 2497 ι
459 2421 527 2476 cur,
550 2422 614 2484 quo
638 2424 719 2484 opus
741 2403 896 2486 habebat,
923 2404 976 2468 vel
991 2403 1056 2467 diu
1081 2407 1250 2487 quaereret
1273 2403 1323 2466 vel
1347 2405 1439 2489 longi

459 2510 558 2570 seret:
591 2507 710 2590 quippe
738 2508 788 2572 cui
817 2512 884 2573 tam
916 2510 948 2573 id
977 2510 1012 2573 in
1041 2514 1192 2592 promptu
1220 2513 1319 2591 esset,
1353 2513 1389 2573 ut
1419 2532 1461 2574 ne

460 2612 589 2690 quidam
613 2614 796 2690 praeterire.
830 2614 922 2689 Quod
942 2619 977 2679 ut
1001 2614 1096 2690 quala
1120 2615 1163 2678 sit
1187 2615 1371 2679 distinctius
1402 2638 1444 2690 pe
