2924 5046
185 314 250 376 346
457 330 697 388 ovrrasmouns
722 329 1057 379 omousionoorcaa

185 471 261 534 bula
281 470 431 535 Plautina
454 472 575 535 versari
600 471 769 535 voluimua
813 471 862 535 Ibi
888 474 973 537 euim
997 474 1052 556 qui
1077 474 1170 536 miles
1193 473 1299 537 habet

184 576 549 660 ANTHEMONIDES,
572 577 654 642 unde
679 578 809 641 tandem
833 579 937 642 dietus
961 578 1151 661 putabitur?
1176 601 1249 643 cnm
1273 602 1299 644 n<

185 684 226 747 ab
254 683 394 762 ἄνθεμον
423 684 478 768 qui
507 706 587 748 sana
614 685 740 748 ratione
764 683 994 764 Ἀνθεμωνίδη(
1021 686 1079 748 fiat
1106 686 1299 769 perspiciatt

183 813 242 854 nee
270 813 309 854 ea
336 790 409 873 ipsa
435 790 566 854 notione
594 790 762 875 quicquam
791 791 967 874 excogitari
994 791 1136 873 ineptius
1159 792 1299 875 possiti

184 902 307 962 trucem
338 896 480 961 indolem
509 896 623 959 militis
655 896 789 980 gloriosi
818 897 1071 981 significandam.
1115 896 1202 960 Illud
1230 898 1299 982 igiu

184 1004 252 1068 sive
280 1003 356 1068 Aldi
388 1005 454 1067 sive
486 1009 522 1067 ut
555 1004 701 1085 suspicor
736 1003 864 1087 angelii
897 1004 1077 1085 inventum,
1111 1010 1298 1087 propagata

185 1133 203 1174 a
233 1108 432 1191 Camerari0,
464 1131 527 1192 quo
556 1108 769 1173 confidentius
798 1110 931 1172 missum
960 1110 1113 1193 facimus,
1144 1132 1183 1174 eo
1212 1110 1299 1173 certi*

184 1238 258 1298 spes
292 1219 342 1279 est
373 1215 442 1279 fore
475 1219 510 1279 ut
543 1237 650 1279 veram
683 1217 823 1280 nominis
856 1218 1010 1301 formam,
1044 1218 1252 1281 obscuratam
1284 1216 1299 1280 i:

184 1321 272 1386 ouria
294 1321 521 1405 librariorum,
534 1344 599 1386 non
624 1322 781 1404 obrutam,
806 1322 969 1405 probabili
993 1324 1181 1388 coniectura
1199 1345 1299 1406 reoup

184 1450 299 1491 remus.
340 1426 385 1491 nt
408 1426 441 1489 in
464 1427 661 1496 editionibus
687 1427 814 1511 quidem
838 1429 1000 1492 veteribus
1023 1430 1226 1513 noviciisque
1245 1429 1299 1494 eod

184 1534 284 1597 cibus·
311 1555 384 1598 cum
416 1533 603 1616 plerumque
636 1533 856 1599 Ardameaides
893 1535 1049 1618 seriptum
1082 1536 1141 1618 sit,
1175 1558 1241 1600 uno
1273 1535 1299 1599 il

183 1663 246 1725 quo
279 1640 312 1706 in
345 1640 415 1721 ipsa
447 1638 559 1702 fabula
591 1661 708 1702 nomen
735 1639 856 1722 legitur
883 1640 971 1722 loco,
999 1641 1053 1725 qui
1082 1647 1133 1706 est
1156 1642 1198 1724 V,
1220 1643 1299 1724 ὀ,4

186 1744 503 1811 ANTAMONIDES
526 1745 764 1808 Arnbrosianae
793 1747 998 1810 membranae
1027 1769 1091 1810 una
1120 1769 1194 1810 cum
1217 1746 1299 1812 Vete

183 1853 290 1917 codiee
318 1855 500 1934 praestant,
530 1853 738 1915 autoruenedes
764 1849 973 1936 Decurtatus,
1000 1853 1238 1918 mdlwruoacdes
1266 1853 1299 1918 V:

184 1959 327 2023 ticauns:
364 1962 532 2041 praeterea
564 1961 671 2021 autem
708 1957 743 2021 in
779 1979 989 2041 personarum
1028 1960 1131 2023 iudice
1168 1966 1261 2024 aetus

185 2061 521 2129 ANTAMOINIDES
549 2063 785 2128 Ambrosianus
818 2063 960 2146 exhibet,
989 2065 1299 2131 ANTAMONEDE

99 2204 104 2213 ·
183 2176 317 2253 uterque
349 2171 517 2234 Palatinus
546 2192 619 2235 cum
646 2169 822 2236 Vaticano:
854 2177 1017 2254 postremo
1046 2173 1080 2235 iu
1112 2173 1299 2256 inscriptior

183 2299 317 2341 scaenae
341 2277 370 2339 V
400 2279 489 2341 actus
518 2275 547 2339 V
572 2276 729 2341 ANTAM
750 2328 756 2340 .
775 2326 783 2342 .
803 2327 836 2340 ..
866 2284 1030 2360 superstes
1057 2282 1106 2341 est
1133 2281 1167 2342 in
1193 2280 1299 2344 Ambo

183 2384 288 2466 siano,
318 2382 669 2448 ANTAMOENIDES
699 2387 860 2447 servatum
889 2384 923 2447 in
948 2383 1069 2447 Veteri.
1120 2384 1300 2470 Namqner

183 2512 247 2554 uno
276 2492 374 2556 verbo
403 2491 506 2555 dicam
536 2491 621 2573 quod
653 2513 704 2554 res
732 2494 794 2573 est,
826 2511 891 2553 non
922 2490 1009 2553 aliud
1032 2491 1065 2553 in
1090 2491 1238 2575 vestigiis
1262 2492 1298 2556 ill

183 2596 281 2662 latuit
308 2597 371 2661 nisi
401 2597 753 2661 Antamocnides
786 2618 918 2678 nomeu,
951 2599 1130 2680 aequatque
1162 2620 1202 2661 ea
1229 2598 1299 2680 scri]

183 2708 256 2768 tura
280 2725 431 2787 graecum
455 2726 573 2768 nomeu
593 2703 826 2781 Ἀνταμυνίδηε,
849 2725 912 2785 quo
938 2702 1072 2765 mirifice
1096 2702 1136 2765 ad
1155 2704 1299 2767 veritate]

184 2811 298 2874 militis
330 2813 437 2896 imago
471 2810 733 2888 ἀνταμυνομένου
766 2809 961 2891 designatur.
1008 2808 1131 2882 Quodsi
1162 2810 1215 2892 qui
1247 2810 1299 2873 illu

184 2919 242 2980 fiat
265 2917 428 3000 quaeritis,
452 2917 518 2981 cari
543 2916 771 2996 adulescentes,
796 2914 887 2978 utin
911 2937 944 2978 oc
967 2915 1205 2999 diphthongum
1231 2939 1249 2980 u
1274 2939 1299 2980 u

184 3022 263 3085 calis
287 3025 442 3107 transeat,
465 3024 566 3089 nolite
592 3022 657 3086 ulla
680 3023 715 3085 in
740 3022 824 3086 hauc
846 3026 972 3105 pentem
996 3023 1028 3084 vi
1051 3044 1121 3086 esse
1145 3044 1184 3086 ea
1207 3027 1299 3106 putat

185 3151 267 3212 quae
288 3128 399 3193 affinia
418 3130 533 3211 specio,
552 3151 665 3212 reapse
685 3127 884 3192 alienissima
903 3131 992 3192 sunt:
1016 3128 1106 3192 velut
1124 3129 1210 3211 quod
1230 3127 1299 3192 Boe

184 3239 293 3297 torum
321 3233 460 3298 dialecto
485 3236 678 3318 aliquotiens
703 3257 733 3298 οι
757 3234 863 3298 estin
887 3258 904 3298 u
929 3238 1105 3313 mutatum,
1129 3234 1235 3318 quode
1258 3234 1299 3297 dil

184 3360 262 3423 gens
296 3339 453 3422 imprimis
486 3341 718 3423 grammaticus
747 3341 786 3404 H.
815 3339 849 3403 L.
878 3341 1005 3406 Ahrens
1039 3344 1149 3404 noster
1181 3341 1264 3404 dixit
1289 3340 1299 3403 ε’

184 3443 260 3508 dial.
285 3444 376 3508 Aeol.
395 3468 424 3527 p.
448 3447 522 3510 tal:
546 3447 596 3509 vel
621 3446 706 3530 quod
730 3446 913 3529 pervulgari
938 3469 1003 3510 non
1028 3447 1235 3511 librariorum
1258 3449 1299 3510 tm

184 3558 252 3615 tum
273 3550 329 3614 sed
348 3552 579 3634 lapidariorum
598 3575 724 3636 quoque
744 3575 851 3617 errore
871 3575 942 3616 eum
963 3553 1093 3616 eaedem
1108 3554 1237 3616 litterae
1252 3552 1299 3615 ills

184 3663 253 3720 tum
277 3678 310 3722 ce
332 3663 365 3721 et
387 3680 407 3742 p
431 3663 631 3741 permutatae
656 3665 740 3742 sunt,
763 3660 852 3724 euius
876 3660 921 3723 rei
945 3661 1161 3724 reconditiora
1183 3660 1299 3742 exemp]

131 3766 341 3847 vnquaedam
370 3765 570 3847 exprompsit
598 3764 746 3829 Valesius
774 3766 808 3828 in
836 3765 1027 3849 Harpocrat.
1056 3789 1083 3829 v.
1107 3767 1299 3844 Πτοιόδωρο

185 3871 235 3935 vel
259 3872 343 3955 quod
367 3894 543 3954 paucorum
566 3871 767 3955 quorundam
790 3873 957 3935 numinum
977 3873 1148 3936 fortasse
1167 3871 1299 3955 duplice:

185 3980 322 4043 sormam
352 3979 416 4042 iam
444 3978 621 4061 antiquitas
645 3979 736 4041 novit
760 3983 795 4042 ut
819 3978 1001 4056 Ἀνδροίτα(
1025 3978 1212 4057 Ἀνδρύταε,
1242 4000 1299 4061 qur

185 4105 286 4168 genus
306 4084 377 4149 Car.
398 4084 523 4148 Keilius
547 4085 736 4168 perstrinxit
750 4083 843 4148 Anal.
868 4084 968 4168 epigr.
993 4091 1025 4148 et
1050 4087 1194 4147 onomat.
1209 4105 1239 4166 p.
1259 4084 1298 4146 lli

185 4213 379 4274 quamquam
410 4195 533 4256 certam
564 4191 657 4253 fidem
689 4212 747 4254 nee
779 4190 843 4254 alia
865 4191 988 4254 habent
1011 4194 1044 4252 ct
1067 4189 1212 4252 omnium
1236 4189 1299 4251 min

185 4320 271 4361 mam
299 4300 424 4363 Ποίθιοι
455 4320 511 4380 pro
539 4298 654 4361 Πύθιοι
685 4295 913 4378 expulsumque
944 4317 1046 4378 nuper
1077 4294 1282 4359 aMeinekio

186 4401 352 4486 Stephano
379 4425 410 4486 p.
434 4404 499 4467 362
524 4402 641 4480 Κάροια
668 4425 727 4485 pro
752 4404 871 4481 Kapria:
905 4403 955 4465 vol
984 4401 1069 4485 quod
1092 4408 1233 4485 cognato
1256 4422 1299 4465 cm
