2888 5040
229 320 295 386 534
562 340 677 385 neena
701 319 846 386 vaaao's
870 338 1047 384 inauravit

230 482 362 546 stantia.
408 481 531 546 Deinde
560 481 698 545 alterum
721 479 818 544 Gellii
848 481 1033 565 exemplum
1061 485 1189 564 praesto
1213 487 1263 565 est,
1280 493 1334 565 qut
1410 471 1438 518 2'

230 610 302 652 eum
331 588 432 654 libros
455 587 677 652 Varronianos
706 610 770 652 non
800 588 921 652 omissa
954 588 1177 672 disputatione
1204 587 1344 674 isagoga-²
1419 586 1438 648 1

230 695 362 759 solitum
387 718 457 757 esse
480 716 648 758 numerare
672 696 890 759 confirmatur.
927 694 1019 759 Libri
1043 696 1196 760 nimirum
1215 692 1352 779 rapiar
1429 697 1438 740 ἲ

233 803 273 866 15
297 806 316 882 ᾖ
340 803 382 864 32
412 800 490 864 haec
513 799 626 865 habes:
655 800 781 865 ‘Verba
802 800 846 866 M.
870 800 1028 867 Varronis
1052 824 1090 867 ex
1113 805 1235 869 800101ᾱο
1255 812 1362 867 rcnssl

230 908 409 972 divinarum
440 930 535 990 super
563 908 693 971 flamine
723 905 811 970 Diali
839 906 920 972 haec
948 912 1040 972 sunt:
1077 908 1110 974 Is
1139 911 1235 975 solum
1254 909 1370 974 allum

229 1015 329 1079 habet
358 1013 516 1098 galerum,
548 1013 599 1077 vel
627 1013 712 1097 quod
741 1013 901 1077 maximus
931 1015 982 1078 vel
1006 1015 1091 1098 quod
1114 1014 1184 1080 Iovi
1205 1010 1377 1081 immolata

229 1121 340 1185 hostia
372 1121 447 1185 alba
482 1121 514 1184 id
547 1121 616 1184 fieri
649 1121 821 1204 oporteat?
867 1122 918 1186 Ea
944 1144 1117 1206 perperam
1144 1121 1382 1188 Ambrosclritt

229 1227 380 1314 (Studien
408 1250 438 1310 p.
462 1228 504 1291 49
540 1230 648 1291 annot.
671 1229 729 1314 45)
763 1251 801 1292 ex
829 1251 940 1294 eorum
969 1228 1128 1294 librorum
1155 1230 1276 1295 secundo
1296 1218 1388 1312 ,a
1436 1306 1438 1311 ¹

229 1335 268 1398 de
292 1333 512 1397 sacerdotibus
537 1334 650 1417 scripti
675 1338 781 1417 erant,
805 1336 824 1397 1.
848 1357 874 1400 e.
898 1357 936 1399 ex
959 1336 1073 1418 tertio,
1096 1357 1190 1419 quern
1211 1337 1246 1401 de
1263 1352 1352 1419 aug'
1367 1349 1390 1390 u·
1436 1324 1438 1331 ¹

229 1440 319 1504 ribus
343 1439 442 1504 fuisse
462 1441 664 1524 Augustinus
688 1442 797 1523 prodit
821 1441 874 1528 (de
895 1443 953 1507 civ.
972 1442 1025 1506 dei
1043 1441 1101 1525 vl,
1115 1441 1162 1528 3),
1184 1448 1343 1507 autumer*
1364 1434 1394 1498 11

229 1545 292 1612 Sed
327 1569 424 1630 quum
453 1546 654 1629 Marquardti
687 1571 788 1632 nuper
820 1550 981 1614 industria
1012 1551 1093 1614 satis
1127 1550 1281 1634 probatum
1304 1540 1395 1609 fill

228 1651 327 1739 (Hdb.
351 1653 381 1716 d.
404 1659 483 1716 riim.
508 1653 573 1716 Alt.
603 1653 660 1717 Bd.
684 1653 731 1718 IV
756 1679 785 1738 p.
812 1657 883 1721 168.
910 1657 971 1720 187
994 1653 1055 1740 sq.)
1087 1657 1262 1722 flaminibus
1282 1645 1396 1719 ivli-

229 1783 316 1824 mam
345 1760 473 1844 quidem
502 1781 574 1823 cum
602 1761 811 1842 pontificibus
843 1763 1115 1828 necessitudinem
1149 1761 1396 1833 intercessiszc

229 1866 352 1931 nullam
377 1888 452 1930 vero
477 1889 548 1930 oum
572 1868 764 1951 auguribus,
795 1869 874 1932 mihi
904 1870 1031 1953 quidem
1062 1871 1206 1955 persuasi
1232 1867 1394 1933 Gallie-n

229 1975 404 2038 secundum
428 1974 585 2038 Varronis
616 1976 733 2039 librum
762 1998 835 2039 eum
864 1976 985 2060 dicere,
1008 1979 1064 2060 qui
1088 1977 1128 2042 ad
1152 1976 1288 2041 amussim
1305 1986 1392 2035 et

229 2081 350 2145 cundus
374 2080 437 2142 fuit
455 2102 521 2144 non
541 2082 659 2148 omisso
679 2083 855 2166 isagogico,
879 2082 997 2165 quique
1016 2082 1056 2146 de
1074 2082 1270 2167 pontificibus
1285 2091 1390 2163 agr

230 2188 287 2251 bat
310 2191 393 2250 teste
408 2185 602 2269 Augustino.
639 2187 805 2251 Habemus
829 2207 907 2272 ergo
924 2186 1067 2252 Gellium
1090 2189 1154 2253 sibi
1176 2189 1387 2254 constantem

229 2293 263 2356 in
286 2290 492 2357 numerandis
516 2291 608 2354 libris
624 2292 847 2375 Varronianis,
869 2292 953 2356 unde
974 2292 1083 2375 priore
1102 2293 1175 2358 loco
1192 2281 1384 2358 necessari]

230 2399 378 2482 efficitur,
401 2422 434 2462 re
460 2420 534 2462 vera
557 2399 662 2481 primo
685 2399 922 2463 hebdomadum
944 2399 1030 2463 libro
1055 2399 1076 2463 i.
1100 2421 1126 2463 e.
1149 2399 1294 2484 isagogioo
1335 2387 1382 2450 (14
1435 2400 1438 2473 ξ

205 2506 365 2571 ⁷Homeri
395 2509 501 2570 aetate
526 2504 706 2570 Varronem
730 2505 913 2588 disputasse
936 2509 970 2569 et
993 2506 1131 2590 imagini
1154 2505 1274 2571 Homeri
1291 2493 1379 2584 epi·

230 2634 378 2698 gramma
401 2611 633 2696 apposuisse.*)
670 2612 809 2677 Retento
833 2612 935 2695 igitur
958 2612 1056 2676 simul
1075 2610 1175 2676 Plinii
1192 2612 1380 2696 septingen-

230 2723 336 2783 tarum
356 2718 536 2803 imaginum
555 2740 688 2781 numero
708 2717 797 2781 vides
816 2740 876 2782 nos
896 2740 961 2782 non
980 2722 1102 2783 temere
1122 2719 1162 2784 ad
1180 2741 1245 2783 eam
1260 2701 1381 2800 operis

230 2824 426 2890 Varroniani
461 2824 599 2908 speciem
638 2824 895 2907 amplectendam
928 2824 1014 2908 duci,
1053 2848 1149 2909 qnam
1181 2816 1334 2889 ltilscheli
1342 2825 1385 2869 ¹1⁸

231 2936 397 3015 tamquam
427 2930 514 2994 omni
542 2929 783 3013 probabilitatis
812 2931 1088 2996 commendatione
1119 2932 1289 2996 destitutam
1313 2933 1389 2987 r*

231 3039 359 3120 iecerat,
383 3041 419 3102 ut
442 3037 608 3136 ‘septenas
632 3037 849 3101 hebdomadas
874 3038 996 3122 singuli
1017 3038 1093 3103 libri
1114 3033 1395 3122 quattuordecim

232 3145 343 3209 duas
335 3167 404 3227 ipse
428 3145 552 3226 primus
576 3167 648 3207 cum
673 3144 820 3225 disputat
769 3144 983 3208 tionibus
975 3145 1153 3230 isagogicis
1175 3143 1400 3229 conglutinat

231 3256 282 3314 tas
313 3250 564 3333 complecterent
566 3249 619 3314 ur'
644 3272 766 3333 nosque
797 3250 1033 3334 quadamtenus
1062 3252 1168 3316 lacere
1197 3274 1262 3317 cum
1280 3247 1404 3312 col¹1

232 3360 327 3439 putat
313 3356 440 3420 toribus
474 3355 538 3418 illis
570 3356 627 3420 ltit
629 3356 753 3420 schelio
787 3356 1004 3424 familiaribus
1036 3357 1205 3442 Plinioque
1234 3350 1412 3460 patrer}¹

232 3466 312 3526 nant
298 3462 384 3527 tibus
418 3460 514 3547 (Mus.
539 3462 639 3526 Rhen
663 3486 693 3545 p.
721 3461 811 3547 514),
844 3464 898 3546 qni
932 3463 1084 3546 quoniam
1119 3444 1416 3553 quattuordeetm

233 3570 389 3655 imagines
423 3592 567 3634 summae
605 3568 841 3633 Ritschelianae
871 3568 964 3654 (686)
997 3571 1109 3635 deesse
1143 3571 1297 3650 sentirent,
1337 3530 1418 3671 ,Ῑᾶ

232 3676 338 3758 ipsum
362 3698 427 3740 non
451 3676 621 3740 fortuitum
645 3677 723 3758 rati,
752 3677 890 3760 singulis
914 3678 1174 3760 quattuordecim
1197 3676 1280 3742 libris
1298 3665 1420 3736 σμ’

172 3780 176 3787 '
232 3783 327 3865 gulos
352 3783 514 3866 principes
539 3782 606 3846 sive
630 3783 861 3867 antesignanos
885 3783 918 3847 in
942 3784 1049 3859 fronte
1074 3784 1264 3848 extrinsecus
1279 3769 1420 3864 prsse'

234 3888 359 3971 positos
380 3890 622 3972 contenderunt,
641 3910 666 3952 e.
682 3910 707 3952 c.
722 3888 909 3973 Homerum,
929 3890 1173 3974 Hippocratem,
1192 3911 1252 3975 quo
1267 3871 1417 3951 insssus

233 3995 512 4080 septingentarum
542 3995 721 4078 imaginum
751 3995 839 4059 orbis
864 3995 1054 4078 expleretur.
1102 3995 1242 4073 Quorum
1262 3982 1415 4059 roll-²¹¹⁶

233 4121 444 4129 a—-0—-—...-.

321 4168 347 4236 *i
371 4170 467 4225 uana
489 4169 670 4223 nihilominus
694 4169 847 4224 obscuritas
871 4170 1010 4237 quaenam
1034 4170 1064 4224 in
1083 4170 1169 4225 oeuu
1190 4170 1260 4237 1000,
1282 4152 1398 4235 quom

232 4258 350 4326 irrupisti
368 4258 482 4312 Homeri
507 4258 681 4327 epigramma
704 4258 863 4326 appositum
888 4257 976 4327 dicat,
1001 4276 1057 4330 quo
1080 4262 1176 4314 tamen
1198 4275 1251 4313 non
1268 4243 1390 4313 Μ’

232 4345 281 4398 sed
301 4346 411 4413 capella
429 4347 531 4400 tumuli
550 4346 658 4416 insigne
677 4348 922 4411 commemoretur,
947 4362 1032 4414 quam
1056 4364 1116 4401 ram
1139 4347 1235 4418 attigit
1250 4333 1382 4399 lllataf¹16

232 4430 261 4486 in
280 4432 371 4486 Iahnii
389 4435 488 4489 Annal.
510 4435 605 4504 Suppl.
627 4436 691 4488 XIX
709 4454 737 4505 p.
757 4440 799 4488 51.
