<?xml version="1.0" encoding="UTF-8"?>
<!DOCTYPE html PUBLIC "-//W3C//DTD XHTML 1.0 Transitional//EN"
    "http://www.w3.org/TR/xhtml1/DTD/xhtml1-transitional.dtd">
<html xmlns="http://www.w3.org/1999/xhtml" xml:lang="en" lang="en">
 <head>
  <title>
</title>
<meta http-equiv="Content-Type" content="text/html;charset=utf-8" />
  <meta name='ocr-system' content='tesseract 3.04.00' />
  <meta name='ocr-capabilities' content='ocr_page ocr_carea ocr_par ocr_line ocrx_word'/>
</head>
<body>
  <div class='ocr_page' id='page_1' title='image "./fridericiritsch01wachgoog_0430.png"; bbox 0 0 2888 5040; ppageno 0'>
   <div class='ocr_carea' id='block_1_1' title="bbox 257 318 976 382">
    <p class='ocr_par' dir='ltr' id='par_1_1' title="bbox 257 318 976 382">
     <span class='ocr_line' id='line_1_1' title="bbox 257 318 976 382; baseline -0.001 0"><span class='ocrx_word' id='word_1_1' title='bbox 257 318 323 382; x_wconf 75' lang='lat'>404</span> <span class='ocrx_word' id='word_1_2' title='bbox 680 336 726 381; x_wconf 86' lang='lat' dir='ltr'>na</span> <span class='ocrx_word' id='word_1_3' title='bbox 752 337 785 382; x_wconf 87' lang='lat' dir='ltr'>u.</span> <span class='ocrx_word' id='word_1_4' title='bbox 801 334 976 382; x_wconf 75' lang='lat' dir='ltr'>vuusorus</span> 
     </span>
    </p>
   </div>
   <div class='ocr_carea' id='block_1_2' title="bbox 166 475 1438 4495">
    <p class='ocr_par' dir='ltr' id='par_1_2' title="bbox 178 475 1415 1309">
     <span class='ocr_line' id='line_1_2' title="bbox 259 475 1414 560; baseline 0.001 -21"><span class='ocrx_word' id='word_1_5' title='bbox 259 475 379 551; x_wconf 81' lang='lat' dir='ltr'>Quodsi</span> <span class='ocrx_word' id='word_1_6' title='bbox 408 476 564 539; x_wconf 78' lang='lat' dir='ltr'>Varronis</span> <span class='ocrx_word' id='word_1_7' title='bbox 595 476 711 540; x_wconf 90' lang='lat' dir='ltr'>horum</span> <span class='ocrx_word' id='word_1_8' title='bbox 742 477 924 560; x_wconf 77' lang='lat' dir='ltr'>aequalium</span> <span class='ocrx_word' id='word_1_9' title='bbox 955 480 988 539; x_wconf 90' lang='lat' dir='ltr'>et</span> <span class='ocrx_word' id='word_1_10' title='bbox 1016 475 1234 540; x_wconf 78' lang='lat' dir='ltr'>familiarium</span> <span class='ocrx_word' id='word_1_11' title='bbox 1267 480 1414 559; x_wconf 88' lang='lat' dir='ltr'>tempora</span> 
     </span>
     <span class='ocr_line' id='line_1_3' title="bbox 257 567 1414 666; baseline 0.002 -21"><span class='ocrx_word' id='word_1_12' title='bbox 257 582 508 666; x_wconf 87' lang='lat' dir='ltr'>inquisierimus,</span> <span class='ocrx_word' id='word_1_13' title='bbox 528 582 611 646; x_wconf 86' lang='lat' dir='ltr'>effici</span> <span class='ocrx_word' id='word_1_14' title='bbox 626 567 753 646; x_wconf 86' lang='lat' dir='ltr'>videtur</span> <span class='ocrx_word' id='word_1_15' title='bbox 772 585 858 647; x_wconf 86' lang='lat' dir='ltr'>circa</span> <span class='ocrx_word' id='word_1_16' title='bbox 875 584 972 646; x_wconf 88' lang='lat' dir='ltr'>finem</span> <span class='ocrx_word' id='word_1_17' title='bbox 992 582 1125 665; x_wconf 80' lang='lat' dir='ltr'>septimi</span> <span class='ocrx_word' id='word_1_18' title='bbox 1146 583 1277 647; x_wconf 85' lang='lat' dir='ltr'>saeculi</span> <span class='ocrx_word' id='word_1_19' title='bbox 1297 583 1414 647; x_wconf 82' lang='lat' dir='ltr'>octari-</span> 
     </span>
     <span class='ocr_line' id='line_1_4' title="bbox 260 688 1415 777; baseline 0.002 -26"><span class='ocrx_word' id='word_1_20' title='bbox 260 711 320 777; x_wconf 84' lang='lat' dir='ltr'>que</span> <span class='ocrx_word' id='word_1_21' title='bbox 350 688 444 751; x_wconf 91' lang='lat' dir='ltr'>initio</span> <span class='ocrx_word' id='word_1_22' title='bbox 474 688 612 771; x_wconf 88' lang='lat' dir='ltr'>scriptos</span> <span class='ocrx_word' id='word_1_23' title='bbox 641 712 711 753; x_wconf 88' lang='lat' dir='ltr'>esse</span> <span class='ocrx_word' id='word_1_24' title='bbox 740 690 840 753; x_wconf 88' lang='lat' dir='ltr'>libros</span> <span class='ocrx_word' id='word_1_25' title='bbox 869 689 1089 774; x_wconf 85' lang='lat' dir='ltr'>logistoricos:</span> <span class='ocrx_word' id='word_1_26' title='bbox 1123 711 1185 754; x_wconf 88' lang='lat' dir='ltr'>nee</span> <span class='ocrx_word' id='word_1_27' title='bbox 1216 690 1307 753; x_wconf 90' lang='lat' dir='ltr'>enim</span> <span class='ocrx_word' id='word_1_28' title='bbox 1332 690 1415 753; x_wconf 87' lang='lat' dir='ltr'>intra</span> 
     </span>
     <span class='ocr_line' id='line_1_5' title="bbox 259 796 1414 879; baseline -0.001 -20"><span class='ocrx_word' id='word_1_29' title='bbox 259 817 434 878; x_wconf 87' lang='lat' dir='ltr'>paucorum</span> <span class='ocrx_word' id='word_1_30' title='bbox 467 817 625 859; x_wconf 90' lang='lat' dir='ltr'>annorum</span> <span class='ocrx_word' id='word_1_31' title='bbox 659 797 801 879; x_wconf 88' lang='lat' dir='ltr'>spatium</span> <span class='ocrx_word' id='word_1_32' title='bbox 837 796 976 878; x_wconf 88' lang='lat' dir='ltr'>scriptos</span> <span class='ocrx_word' id='word_1_33' title='bbox 1010 817 1081 860; x_wconf 88' lang='lat' dir='ltr'>esse</span> <span class='ocrx_word' id='word_1_34' title='bbox 1120 817 1239 861; x_wconf 85' lang='lat' dir='ltr'>omnes</span> <span class='ocrx_word' id='word_1_35' title='bbox 1279 800 1414 879; x_wconf 80' lang='lat' dir='ltr'>oportet</span> 
     </span>
     <span class='ocr_line' id='line_1_6' title="bbox 259 901 1415 985; baseline 0.002 -21"><span class='ocrx_word' id='word_1_36' title='bbox 259 901 463 985; x_wconf 71' lang='lat' dir='ltr'>Argumenta</span> <span class='ocrx_word' id='word_1_37' title='bbox 487 907 595 966; x_wconf 90' lang='lat' dir='ltr'>autem</span> <span class='ocrx_word' id='word_1_38' title='bbox 620 903 739 985; x_wconf 90' lang='lat' dir='ltr'>partim</span> <span class='ocrx_word' id='word_1_39' title='bbox 765 902 803 965; x_wconf 90' lang='lat' dir='ltr'>de</span> <span class='ocrx_word' id='word_1_40' title='bbox 827 901 934 965; x_wconf 88' lang='lat' dir='ltr'>ethico</span> <span class='ocrx_word' id='word_1_41' title='bbox 959 921 1085 985; x_wconf 83' lang='lat' dir='ltr'>genere,</span> <span class='ocrx_word' id='word_1_42' title='bbox 1109 902 1236 985; x_wconf 87' lang='lat' dir='ltr'>partim</span> <span class='ocrx_word' id='word_1_43' title='bbox 1258 902 1298 966; x_wconf 84' lang='lat' dir='ltr'>de</span> <span class='ocrx_word' id='word_1_44' title='bbox 1318 902 1415 967; x_wconf 83' lang='lat' dir='ltr'>histo-</span> 
     </span>
     <span class='ocr_line' id='line_1_7' title="bbox 178 1006 1415 1092; baseline -0.001 -19"><span class='ocrx_word' id='word_1_45' title='bbox 178 1061 184 1073; x_wconf 92' lang='lat'>.</span> <span class='ocrx_word' id='word_1_46' title='bbox 259 1008 326 1070; x_wconf 91' lang='lat' dir='ltr'>rico</span> <span class='ocrx_word' id='word_1_47' title='bbox 350 1008 454 1090; x_wconf 89' lang='lat' dir='ltr'>petita</span> <span class='ocrx_word' id='word_1_48' title='bbox 477 1013 562 1072; x_wconf 90' lang='lat' dir='ltr'>sunt.</span> <span class='ocrx_word' id='word_1_49' title='bbox 610 1007 822 1072; x_wconf 85' lang='lat' dir='ltr'>Sermonesne</span> <span class='ocrx_word' id='word_1_50' title='bbox 846 1007 1100 1092; x_wconf 79' lang='lat' dir='ltr'>colloquentium</span> <span class='ocrx_word' id='word_1_51' title='bbox 1129 1028 1204 1071; x_wconf 88' lang='lat' dir='ltr'>esse</span> <span class='ocrx_word' id='word_1_52' title='bbox 1230 1006 1342 1072; x_wconf 88' lang='lat' dir='ltr'>Varro</span> <span class='ocrx_word' id='word_1_53' title='bbox 1365 1029 1415 1072; x_wconf 79' lang='lat' dir='ltr'>vo</span> 
     </span>
     <span class='ocr_line' id='line_1_8' title="bbox 209 1114 1415 1199; baseline -0.001 -20"><span class='ocrx_word' id='word_1_54' title='bbox 209 1139 245 1180; x_wconf 86' lang='lat' dir='ltr'>1v</span> <span class='ocrx_word' id='word_1_55' title='bbox 259 1114 357 1178; x_wconf 85' lang='lat' dir='ltr'>luerit</span> <span class='ocrx_word' id='word_1_56' title='bbox 376 1136 417 1177; x_wconf 91' lang='lat' dir='ltr'>an</span> <span class='ocrx_word' id='word_1_57' title='bbox 437 1137 511 1179; x_wconf 88' lang='lat' dir='ltr'>suas</span> <span class='ocrx_word' id='word_1_58' title='bbox 531 1114 630 1198; x_wconf 88' lang='lat' dir='ltr'>ipsius</span> <span class='ocrx_word' id='word_1_59' title='bbox 651 1116 823 1179; x_wconf 88' lang='lat' dir='ltr'>continuas</span> <span class='ocrx_word' id='word_1_60' title='bbox 842 1114 1087 1197; x_wconf 85' lang='lat' dir='ltr'>disputationes,</span> <span class='ocrx_word' id='word_1_61' title='bbox 1111 1135 1180 1178; x_wconf 91' lang='lat' dir='ltr'>non</span> <span class='ocrx_word' id='word_1_62' title='bbox 1202 1115 1289 1178; x_wconf 85' lang='lat' dir='ltr'>satis</span> <span class='ocrx_word' id='word_1_63' title='bbox 1309 1114 1415 1199; x_wconf 79' lang='lat' dir='ltr'>liquet</span> 
     </span>
     <span class='ocr_line' id='line_1_9' title="bbox 260 1219 1415 1309; baseline 0.002 -25"><span class='ocrx_word' id='word_1_64' title='bbox 260 1219 322 1284; x_wconf 85' lang='lat' dir='ltr'>Sed</span> <span class='ocrx_word' id='word_1_65' title='bbox 346 1243 444 1283; x_wconf 90' lang='lat' dir='ltr'>unum</span> <span class='ocrx_word' id='word_1_66' title='bbox 467 1220 692 1305; x_wconf 83' lang='lat' dir='ltr'>logistoricum</span> <span class='ocrx_word' id='word_1_67' title='bbox 712 1221 860 1309; x_wconf 83' lang='lat' dir='ltr'>pluribus</span> <span class='ocrx_word' id='word_1_68' title='bbox 879 1220 1024 1304; x_wconf 89' lang='lat' dir='ltr'>potuisse</span> <span class='ocrx_word' id='word_1_69' title='bbox 1044 1220 1139 1284; x_wconf 86' lang='lat' dir='ltr'>libris</span> <span class='ocrx_word' id='word_1_70' title='bbox 1159 1219 1334 1303; x_wconf 84' lang='lat' dir='ltr'>distribui,</span> <span class='ocrx_word' id='word_1_71' title='bbox 1355 1243 1415 1286; x_wconf 89' lang='lat' dir='ltr'>uno</span> 
     </span>
    </p>

    <p class='ocr_par' dir='ltr' id='par_1_3' title="bbox 259 1327 898 1412">
     <span class='ocr_line' id='line_1_10' title="bbox 259 1327 898 1412; baseline -0.003 -21"><span class='ocrx_word' id='word_1_72' title='bbox 259 1327 313 1391; x_wconf 86' lang='lat' dir='ltr'>vix</span> <span class='ocrx_word' id='word_1_73' title='bbox 337 1328 490 1411; x_wconf 88' lang='lat' dir='ltr'>ambiguo</span> <span class='ocrx_word' id='word_1_74' title='bbox 515 1328 662 1411; x_wconf 85' lang='lat' dir='ltr'>exemplo</span> <span class='ocrx_word' id='word_1_75' title='bbox 687 1327 898 1412; x_wconf 89' lang='lat' dir='ltr'>intellegitur.</span> 
     </span>
    </p>

    <p class='ocr_par' dir='ltr' id='par_1_4' title="bbox 260 1431 1438 2050">
     <span class='ocr_line' id='line_1_11' title="bbox 348 1431 1415 1514; baseline 0.004 -19"><span class='ocrx_word' id='word_1_76' title='bbox 348 1433 464 1496; x_wconf 82' lang='lat' dir='ltr'>Paucis</span> <span class='ocrx_word' id='word_1_77' title='bbox 494 1434 539 1496; x_wconf 93' lang='lat' dir='ltr'>rei</span> <span class='ocrx_word' id='word_1_78' title='bbox 568 1456 726 1497; x_wconf 86' lang='lat' dir='ltr'>summam</span> <span class='ocrx_word' id='word_1_79' title='bbox 756 1434 924 1497; x_wconf 86' lang='lat' dir='ltr'>universae</span> <span class='ocrx_word' id='word_1_80' title='bbox 956 1432 1117 1514; x_wconf 87' lang='lat' dir='ltr'>complexi</span> <span class='ocrx_word' id='word_1_81' title='bbox 1152 1454 1281 1498; x_wconf 86' lang='lat' dir='ltr'>sumus.</span> <span class='ocrx_word' id='word_1_82' title='bbox 1334 1431 1415 1499; x_wconf 74' lang='lat' dir='ltr'>Nam</span> 
     </span>
     <span class='ocr_line' id='line_1_12' title="bbox 260 1537 1414 1623; baseline 0.003 -21"><span class='ocrx_word' id='word_1_83' title='bbox 260 1561 341 1623; x_wconf 88' lang='lat' dir='ltr'>quae</span> <span class='ocrx_word' id='word_1_84' title='bbox 371 1540 536 1623; x_wconf 82' lang='lat' dir='ltr'>posuimus</span> <span class='ocrx_word' id='word_1_85' title='bbox 565 1542 674 1604; x_wconf 88' lang='lat' dir='ltr'>omnia</span> <span class='ocrx_word' id='word_1_86' title='bbox 702 1562 767 1620; x_wconf 87' lang='lat' dir='ltr'>non</span> <span class='ocrx_word' id='word_1_87' title='bbox 795 1543 863 1602; x_wconf 92' lang='lat' dir='ltr'>tam</span> <span class='ocrx_word' id='word_1_88' title='bbox 893 1539 989 1602; x_wconf 89' lang='lat' dir='ltr'>certis</span> <span class='ocrx_word' id='word_1_89' title='bbox 1013 1537 1189 1623; x_wconf 83' lang='lat' dir='ltr'>planisque</span> <span class='ocrx_word' id='word_1_90' title='bbox 1215 1540 1414 1606; x_wconf 73' lang='lat' dir='ltr'>testimoniis</span> 
     </span>
     <span class='ocr_line' id='line_1_13' title="bbox 260 1645 1414 1732; baseline 0 -23"><span class='ocrx_word' id='word_1_91' title='bbox 260 1647 478 1726; x_wconf 84' lang='lat' dir='ltr'>declarantur,</span> <span class='ocrx_word' id='word_1_92' title='bbox 512 1670 608 1730; x_wconf 92' lang='lat' dir='ltr'>quam</span> <span class='ocrx_word' id='word_1_93' title='bbox 637 1669 653 1710; x_wconf 90' lang='lat' dir='ltr'>c</span> <span class='ocrx_word' id='word_1_94' title='bbox 679 1646 870 1730; x_wconf 89' lang='lat' dir='ltr'>promiscuis</span> <span class='ocrx_word' id='word_1_95' title='bbox 900 1667 937 1709; x_wconf 89' lang='lat' dir='ltr'>ao</span> <span class='ocrx_word' id='word_1_96' title='bbox 960 1666 1056 1727; x_wconf 87' lang='lat' dir='ltr'>saepe</span> <span class='ocrx_word' id='word_1_97' title='bbox 1080 1645 1244 1710; x_wconf 88' lang='lat' dir='ltr'>tenuibus</span> <span class='ocrx_word' id='word_1_98' title='bbox 1269 1646 1414 1732; x_wconf 79' lang='lat' dir='ltr'>vestigiis</span> 
     </span>
     <span class='ocr_line' id='line_1_14' title="bbox 260 1751 1415 1837; baseline 0.003 -22"><span class='ocrx_word' id='word_1_99' title='bbox 260 1752 397 1816; x_wconf 81' lang='lat' dir='ltr'>invicem</span> <span class='ocrx_word' id='word_1_100' title='bbox 422 1753 507 1817; x_wconf 90' lang='lat' dir='ltr'>inter</span> <span class='ocrx_word' id='word_1_101' title='bbox 530 1776 563 1816; x_wconf 88' lang='lat' dir='ltr'>se</span> <span class='ocrx_word' id='word_1_102' title='bbox 588 1754 716 1818; x_wconf 89' lang='lat' dir='ltr'>collatis</span> <span class='ocrx_word' id='word_1_103' title='bbox 737 1754 944 1837; x_wconf 88' lang='lat' dir='ltr'>colliguntur,</span> <span class='ocrx_word' id='word_1_104' title='bbox 967 1751 1022 1814; x_wconf 85' lang='lat' dir='ltr'>sed</span> <span class='ocrx_word' id='word_1_105' title='bbox 1041 1754 1078 1814; x_wconf 94' lang='lat' dir='ltr'>ut</span> <span class='ocrx_word' id='word_1_106' title='bbox 1097 1754 1226 1836; x_wconf 86' lang='lat' dir='ltr'>tamen,</span> <span class='ocrx_word' id='word_1_107' title='bbox 1251 1753 1341 1837; x_wconf 87' lang='lat' dir='ltr'>quod</span> <span class='ocrx_word' id='word_1_108' title='bbox 1363 1753 1415 1817; x_wconf 81' lang='lat' dir='ltr'>di·</span> 
     </span>
     <span class='ocr_line' id='line_1_15' title="bbox 261 1857 1438 1943; baseline 0.003 -22"><span class='ocrx_word' id='word_1_109' title='bbox 261 1863 340 1942; x_wconf 91' lang='lat' dir='ltr'>quot</span> <span class='ocrx_word' id='word_1_110' title='bbox 363 1858 518 1942; x_wconf 85' lang='lat' dir='ltr'>exemplis</span> <span class='ocrx_word' id='word_1_111' title='bbox 543 1860 637 1943; x_wconf 91' lang='lat' dir='ltr'>plene</span> <span class='ocrx_word' id='word_1_112' title='bbox 662 1865 695 1924; x_wconf 87' lang='lat' dir='ltr'>et</span> <span class='ocrx_word' id='word_1_113' title='bbox 718 1860 884 1924; x_wconf 87' lang='lat' dir='ltr'>evidenter</span> <span class='ocrx_word' id='word_1_114' title='bbox 907 1860 1053 1941; x_wconf 84' lang='lat' dir='ltr'>apparet,</span> <span class='ocrx_word' id='word_1_115' title='bbox 1075 1878 1143 1921; x_wconf 91' lang='lat' dir='ltr'>non</span> <span class='ocrx_word' id='word_1_116' title='bbox 1168 1857 1298 1923; x_wconf 89' lang='lat' dir='ltr'>iniuria</span> <span class='ocrx_word' id='word_1_117' title='bbox 1321 1859 1438 1923; x_wconf 80' lang='lat' dir='ltr'>etiem·</span> 
     </span>
     <span class='ocr_line' id='line_1_16' title="bbox 261 1963 1414 2050; baseline 0.003 -22"><span class='ocrx_word' id='word_1_118' title='bbox 261 1965 301 2029; x_wconf 85' lang='lat' dir='ltr'>ad</span> <span class='ocrx_word' id='word_1_119' title='bbox 329 1987 367 2029; x_wconf 90' lang='lat' dir='ltr'>ca</span> <span class='ocrx_word' id='word_1_120' title='bbox 395 1966 521 2031; x_wconf 89' lang='lat' dir='ltr'>traduci</span> <span class='ocrx_word' id='word_1_121' title='bbox 550 1967 709 2049; x_wconf 88' lang='lat' dir='ltr'>videatur,</span> <span class='ocrx_word' id='word_1_122' title='bbox 743 1967 781 2030; x_wconf 89' lang='lat' dir='ltr'>de</span> <span class='ocrx_word' id='word_1_123' title='bbox 810 1965 928 2050; x_wconf 88' lang='lat' dir='ltr'>quibus</span> <span class='ocrx_word' id='word_1_124' title='bbox 957 1963 1135 2027; x_wconf 88' lang='lat' dir='ltr'>memoriae</span> <span class='ocrx_word' id='word_1_125' title='bbox 1164 1964 1233 2027; x_wconf 85' lang='lat' dir='ltr'>fide</span> <span class='ocrx_word' id='word_1_126' title='bbox 1264 1988 1304 2030; x_wconf 86' lang='lat' dir='ltr'>ex</span> <span class='ocrx_word' id='word_1_127' title='bbox 1329 1970 1414 2049; x_wconf 76' lang='lat' dir='ltr'>parte</span> 
     </span>
    </p>

    <p class='ocr_par' dir='ltr' id='par_1_5' title="bbox 166 2069 1415 2475">
     <span class='ocr_line' id='line_1_17' title="bbox 166 2069 1415 2157; baseline 0.003 -24"><span class='ocrx_word' id='word_1_128' title='bbox 166 2104 168 2109; x_wconf 96' lang='lat'>·</span> <span class='ocrx_word' id='word_1_129' title='bbox 260 2076 388 2136; x_wconf 89' lang='lat' dir='ltr'>tantum</span> <span class='ocrx_word' id='word_1_130' title='bbox 412 2076 549 2136; x_wconf 90' lang='lat' dir='ltr'>constat.</span> <span class='ocrx_word' id='word_1_131' title='bbox 595 2073 643 2137; x_wconf 77' lang='lat' dir='ltr'>Ac</span> <span class='ocrx_word' id='word_1_132' title='bbox 671 2072 820 2157; x_wconf 87' lang='lat' dir='ltr'>geminae</span> <span class='ocrx_word' id='word_1_133' title='bbox 848 2069 1070 2154; x_wconf 87' lang='lat' dir='ltr'>inscriptionis</span> <span class='ocrx_word' id='word_1_134' title='bbox 1094 2070 1276 2136; x_wconf 87' lang='lat' dir='ltr'>consilium</span> <span class='ocrx_word' id='word_1_135' title='bbox 1301 2073 1415 2156; x_wconf 88' lang='lat' dir='ltr'>ipsum·</span> 
     </span>
     <span class='ocr_line' id='line_1_18' title="bbox 261 2177 1415 2263; baseline 0.003 -24"><span class='ocrx_word' id='word_1_136' title='bbox 261 2199 322 2260; x_wconf 91' lang='lat' dir='ltr'>que</span> <span class='ocrx_word' id='word_1_137' title='bbox 346 2177 609 2261; x_wconf 86' lang='lat' dir='ltr'>logistoricorum</span> <span class='ocrx_word' id='word_1_138' title='bbox 632 2201 751 2242; x_wconf 87' lang='lat' dir='ltr'>nomen</span> <span class='ocrx_word' id='word_1_139' title='bbox 775 2179 855 2242; x_wconf 89' lang='lat' dir='ltr'>haec</span> <span class='ocrx_word' id='word_1_140' title='bbox 878 2180 1050 2258; x_wconf 86' lang='lat' dir='ltr'>testantur,</span> <span class='ocrx_word' id='word_1_141' title='bbox 1073 2198 1158 2260; x_wconf 89' lang='lat' dir='ltr'>quae</span> <span class='ocrx_word' id='word_1_142' title='bbox 1180 2177 1273 2242; x_wconf 89' lang='lat' dir='ltr'>infra</span> <span class='ocrx_word' id='word_1_143' title='bbox 1293 2179 1415 2263; x_wconf 85' lang='lat' dir='ltr'>scripsi·</span> 
     </span>
     <span class='ocr_line' id='line_1_19' title="bbox 261 2281 1413 2369; baseline 0.002 -22"><span class='ocrx_word' id='word_1_144' title='bbox 261 2305 333 2347; x_wconf 88' lang='lat' dir='ltr'>mus</span> <span class='ocrx_word' id='word_1_145' title='bbox 353 2304 425 2347; x_wconf 92' lang='lat' dir='ltr'>cum</span> <span class='ocrx_word' id='word_1_146' title='bbox 445 2285 485 2347; x_wconf 91' lang='lat' dir='ltr'>iis</span> <span class='ocrx_word' id='word_1_147' title='bbox 504 2285 701 2349; x_wconf 84' lang='lat' dir='ltr'>testimoniis</span> <span class='ocrx_word' id='word_1_148' title='bbox 721 2283 912 2367; x_wconf 87' lang='lat' dir='ltr'>composita,</span> <span class='ocrx_word' id='word_1_149' title='bbox 932 2282 1048 2367; x_wconf 90' lang='lat' dir='ltr'>quibus</span> <span class='ocrx_word' id='word_1_150' title='bbox 1064 2281 1157 2364; x_wconf 91' lang='lat' dir='ltr'>pleni</span> <span class='ocrx_word' id='word_1_151' title='bbox 1174 2283 1269 2348; x_wconf 91' lang='lat' dir='ltr'>tituli</span> <span class='ocrx_word' id='word_1_152' title='bbox 1287 2286 1413 2369; x_wconf 86' lang='lat' dir='ltr'>quibus·</span> 
     </span>
     <span class='ocr_line' id='line_1_20' title="bbox 261 2390 790 2475; baseline 0.004 -23"><span class='ocrx_word' id='word_1_153' title='bbox 261 2412 322 2474; x_wconf 92' lang='lat' dir='ltr'>que</span> <span class='ocrx_word' id='word_1_154' title='bbox 347 2390 596 2473; x_wconf 88' lang='lat' dir='ltr'>compendifacti</span> <span class='ocrx_word' id='word_1_155' title='bbox 621 2392 790 2475; x_wconf 90' lang='lat' dir='ltr'>prodeunt.</span> 
     </span>
    </p>

    <p class='ocr_par' dir='ltr' id='par_1_6' title="bbox 359 2488 1414 2581">
     <span class='ocr_line' id='line_1_21' title="bbox 359 2488 1414 2581; baseline 0.001 -21"><span class='ocrx_word' id='word_1_156' title='bbox 359 2497 382 2560; x_wconf 95' lang='grc' dir='ltr'>Ι.</span> <span class='ocrx_word' id='word_1_157' title='bbox 421 2497 544 2560; x_wconf 82' lang='lat' dir='ltr'>Gellius</span> <span class='ocrx_word' id='word_1_158' title='bbox 568 2497 624 2581; x_wconf 89' lang='lat' dir='ltr'>IV,</span> <span class='ocrx_word' id='word_1_159' title='bbox 643 2498 695 2561; x_wconf 82' lang='lat'>19:</span> <span class='ocrx_word' id='word_1_160' title='bbox 722 2488 768 2561; x_wconf 72' lang='lat' dir='ltr'><strong><em>M</em></strong></span> <span class='ocrx_word' id='word_1_161' title='bbox 787 2497 887 2560; x_wconf 86' lang='lat' dir='ltr'>Varro</span> <span class='ocrx_word' id='word_1_162' title='bbox 909 2495 945 2558; x_wconf 87' lang='lat' dir='ltr'>in</span> <span class='ocrx_word' id='word_1_163' title='bbox 967 2493 1140 2576; x_wconf 72' lang='lat' dir='ltr'>loyenrioo</span> <span class='ocrx_word' id='word_1_164' title='bbox 1166 2497 1227 2575; x_wconf 78' lang='lat' dir='ltr'>qni</span> <span class='ocrx_word' id='word_1_165' title='bbox 1249 2497 1414 2580; x_wconf 71' lang='lat' dir='ltr'>discriptus</span> 
     </span>
    </p>

    <p class='ocr_par' dir='ltr' id='par_1_7' title="bbox 419 2601 1413 3326">
     <span class='ocr_line' id='line_1_22' title="bbox 420 2601 1413 2688; baseline -0.001 -21"><span class='ocrx_word' id='word_1_166' title='bbox 420 2610 463 2669; x_wconf 84' lang='lat' dir='ltr'>est</span> <span class='ocrx_word' id='word_1_167' title='bbox 486 2604 598 2669; x_wconf 78' lang='lat' dir='ltr'>Golas</span> <span class='ocrx_word' id='word_1_168' title='bbox 621 2610 677 2668; x_wconf 78' lang='lat' dir='ltr'>uid</span> <span class='ocrx_word' id='word_1_169' title='bbox 698 2606 739 2668; x_wconf 82' lang='lat' dir='ltr'>de</span> <span class='ocrx_word' id='word_1_170' title='bbox 762 2603 895 2668; x_wconf 84' lang='lat' dir='ltr'>liberis</span> <span class='ocrx_word' id='word_1_171' title='bbox 917 2602 1128 2667; x_wconf 82' lang='lat' dir='ltr'>educandis.</span> <span class='ocrx_word' id='word_1_172' title='bbox 1162 2601 1261 2667; x_wconf 88' lang='lat' dir='ltr'>Idem</span> <span class='ocrx_word' id='word_1_173' title='bbox 1278 2602 1413 2688; x_wconf 86' lang='lat' dir='ltr'>XX,ll:</span> 
     </span>
     <span class='ocr_line' id='line_1_23' title="bbox 419 2708 1412 2793; baseline 0.003 -19"><span class='ocrx_word' id='word_1_174' title='bbox 419 2713 454 2774; x_wconf 84' lang='lat' dir='ltr'>in</span> <span class='ocrx_word' id='word_1_175' title='bbox 474 2713 643 2793; x_wconf 71' lang='lat' dir='ltr'>bqietorico</span> <span class='ocrx_word' id='word_1_176' title='bbox 660 2712 705 2775; x_wconf 83' lang='lat' dir='ltr'>M.</span> <span class='ocrx_word' id='word_1_177' title='bbox 722 2711 872 2774; x_wconf 84' lang='lat' dir='ltr'>l&#39;urronis</span> <span class='ocrx_word' id='word_1_178' title='bbox 889 2711 943 2791; x_wconf 83' lang='lat' dir='ltr'>qni</span> <span class='ocrx_word' id='word_1_179' title='bbox 957 2709 1137 2774; x_wconf 76' lang='lat' dir='ltr'>inscribitur</span> <span class='ocrx_word' id='word_1_180' title='bbox 1152 2708 1265 2775; x_wconf 66' lang='lat' dir='ltr'>Oanis.</span> <span class='ocrx_word' id='word_1_181' title='bbox 1290 2710 1412 2777; x_wconf 80' lang='lat' dir='ltr'>Nonius</span> 
     </span>
     <span class='ocr_line' id='line_1_24' title="bbox 421 2815 1413 2901; baseline 0.003 -21"><span class='ocrx_word' id='word_1_182' title='bbox 421 2820 540 2901; x_wconf 87' lang='lat' dir='ltr'>septies</span> <span class='ocrx_word' id='word_1_183' title='bbox 561 2824 593 2882; x_wconf 90' lang='lat' dir='ltr'>et</span> <span class='ocrx_word' id='word_1_184' title='bbox 611 2818 736 2882; x_wconf 87' lang='lat' dir='ltr'>tricies:</span> <span class='ocrx_word' id='word_1_185' title='bbox 767 2818 867 2881; x_wconf 76' lang='lat' dir='ltr'>Varro</span> <span class='ocrx_word' id='word_1_186' title='bbox 886 2816 962 2882; x_wconf 80' lang='lat' dir='ltr'>Coto</span> <span class='ocrx_word' id='word_1_187' title='bbox 983 2817 1029 2881; x_wconf 83' lang='lat' dir='ltr'>vel</span> <span class='ocrx_word' id='word_1_188' title='bbox 1047 2817 1083 2880; x_wconf 85' lang='lat' dir='ltr'>de</span> <span class='ocrx_word' id='word_1_189' title='bbox 1108 2815 1219 2881; x_wconf 77' lang='lat' dir='ltr'>liberis</span> <span class='ocrx_word' id='word_1_190' title='bbox 1242 2818 1413 2883; x_wconf 80' lang='lat' dir='ltr'>educandis.</span> 
     </span>
     <span class='ocr_line' id='line_1_25' title="bbox 421 2921 1413 3001; baseline 0.001 -14"><span class='ocrx_word' id='word_1_191' title='bbox 421 2923 505 2987; x_wconf 90' lang='lat' dir='ltr'>Hinc</span> <span class='ocrx_word' id='word_1_192' title='bbox 520 2923 738 2987; x_wconf 85' lang='lat' dir='ltr'>emendandus</span> <span class='ocrx_word' id='word_1_193' title='bbox 753 2923 938 2988; x_wconf 88' lang='lat' dir='ltr'>Macrobius</span> <span class='ocrx_word' id='word_1_194' title='bbox 953 2922 1018 2986; x_wconf 85' lang='lat' dir='ltr'>Sat.</span> <span class='ocrx_word' id='word_1_195' title='bbox 1033 2921 1091 3001; x_wconf 92' lang='lat' dir='ltr'>Ill,</span> <span class='ocrx_word' id='word_1_196' title='bbox 1103 2922 1136 2985; x_wconf 79' lang='lat'>6:</span> <span class='ocrx_word' id='word_1_197' title='bbox 1162 2924 1314 2988; x_wconf 79' lang='lat' dir='ltr'>meminit</span> <span class='ocrx_word' id='word_1_198' title='bbox 1328 2924 1413 2988; x_wconf 77' lang='lat' dir='ltr'>luins</span> 
     </span>
     <span class='ocr_line' id='line_1_26' title="bbox 420 3028 1411 3114; baseline 0.002 -23"><span class='ocrx_word' id='word_1_199' title='bbox 420 3051 495 3094; x_wconf 86' lang='lat' dir='ltr'>oruc</span> <span class='ocrx_word' id='word_1_200' title='bbox 517 3037 545 3094; x_wconf 88' lang='lat' dir='ltr'>et</span> <span class='ocrx_word' id='word_1_201' title='bbox 566 3029 642 3095; x_wconf 79' lang='lat' dir='ltr'>Cato</span> <span class='ocrx_word' id='word_1_202' title='bbox 664 3030 700 3094; x_wconf 85' lang='lat' dir='ltr'>de</span> <span class='ocrx_word' id='word_1_203' title='bbox 724 3030 826 3093; x_wconf 84' lang='lat' dir='ltr'>liberis</span> <span class='ocrx_word' id='word_1_204' title='bbox 848 3030 1030 3094; x_wconf 70' lang='lat' dir='ltr'>ediscendis:</span> <span class='ocrx_word' id='word_1_205' title='bbox 1060 3028 1152 3091; x_wconf 87' lang='lat' dir='ltr'>euius</span> <span class='ocrx_word' id='word_1_206' title='bbox 1180 3029 1261 3093; x_wconf 91' lang='lat' dir='ltr'>libri</span> <span class='ocrx_word' id='word_1_207' title='bbox 1287 3051 1411 3114; x_wconf 84' lang='lat' dir='ltr'>prorsus</span> 
     </span>
     <span class='ocr_line' id='line_1_27' title="bbox 421 3134 1412 3204; baseline 0 -6"><span class='ocrx_word' id='word_1_208' title='bbox 421 3137 569 3200; x_wconf 87' lang='lat' dir='ltr'>solitaria</span> <span class='ocrx_word' id='word_1_209' title='bbox 597 3137 761 3200; x_wconf 82' lang='lat' dir='ltr'>memoria.</span> <span class='ocrx_word' id='word_1_210' title='bbox 808 3134 1019 3204; x_wconf 86' lang='lat' dir='ltr'>Scribendum</span> <span class='ocrx_word' id='word_1_211' title='bbox 1047 3155 1119 3198; x_wconf 85' lang='lat' dir='ltr'>esse</span> <span class='ocrx_word' id='word_1_212' title='bbox 1148 3140 1180 3199; x_wconf 83' lang='lat' dir='ltr'>et</span> <span class='ocrx_word' id='word_1_213' title='bbox 1211 3136 1317 3201; x_wconf 83' lang='lat' dir='ltr'>larro</span> <span class='ocrx_word' id='word_1_214' title='bbox 1345 3137 1412 3202; x_wconf 78' lang='lat' dir='ltr'>Colo</span> 
     </span>
     <span class='ocr_line' id='line_1_28' title="bbox 374 3240 1310 3326; baseline 0.002 -20.159"><span class='ocrx_word' id='word_1_215' title='bbox 374 3243 499 3306; x_wconf 84' lang='lat' dir='ltr'>del.</span> <span class='ocrx_word' id='word_1_216' title='bbox 522 3264 545 3306; x_wconf 88' lang='lat' dir='ltr'>e.</span> <span class='ocrx_word' id='word_1_217' title='bbox 570 3243 651 3305; x_wconf 88' lang='lat' dir='ltr'>vidit</span> <span class='ocrx_word' id='word_1_218' title='bbox 674 3241 862 3306; x_wconf 88' lang='lat' dir='ltr'>Krahnerus</span> <span class='ocrx_word' id='word_1_219' title='bbox 886 3242 925 3305; x_wconf 92' lang='lat' dir='ltr'>de</span> <span class='ocrx_word' id='word_1_220' title='bbox 948 3240 1043 3305; x_wconf 89' lang='lat' dir='ltr'>Varr</span> <span class='ocrx_word' id='word_1_221' title='bbox 1066 3241 1170 3325; x_wconf 86' lang='lat' dir='ltr'>antiq.</span> <span class='ocrx_word' id='word_1_222' title='bbox 1197 3265 1228 3326; x_wconf 93' lang='lat' dir='ltr'>p.</span> <span class='ocrx_word' id='word_1_223' title='bbox 1256 3246 1310 3308; x_wconf 89' lang='lat'>11.</span> 
     </span>
    </p>

    <p class='ocr_par' dir='ltr' id='par_1_8' title="bbox 345 3345 1411 3535">
     <span class='ocr_line' id='line_1_29' title="bbox 345 3345 1411 3433; baseline 0.005 -26"><span class='ocrx_word' id='word_1_224' title='bbox 345 3345 387 3409; x_wconf 90' lang='lat' dir='ltr'>ll.</span> <span class='ocrx_word' id='word_1_225' title='bbox 424 3347 580 3412; x_wconf 89' lang='lat' dir='ltr'>Probus</span> <span class='ocrx_word' id='word_1_226' title='bbox 572 3372 605 3411; x_wconf 90' lang='lat' dir='ltr'>rn</span> <span class='ocrx_word' id='word_1_227' title='bbox 629 3347 726 3433; x_wconf 88' lang='lat' dir='ltr'>Verg.</span> <span class='ocrx_word' id='word_1_228' title='bbox 750 3347 861 3413; x_wconf 90' lang='lat' dir='ltr'>Bucol.</span> <span class='ocrx_word' id='word_1_229' title='bbox 886 3345 1006 3430; x_wconf 89' lang='lat' dir='ltr'>Vl,l</span> <span class='ocrx_word' id='word_1_230' title='bbox 966 3347 1006 3410; x_wconf 88' lang='grc'>31</span> <span class='ocrx_word' id='word_1_231' title='bbox 1032 3369 1062 3429; x_wconf 93' lang='lat' dir='ltr'>p.</span> <span class='ocrx_word' id='word_1_232' title='bbox 1082 3346 1150 3411; x_wconf 79' lang='lat'>354</span> <span class='ocrx_word' id='word_1_233' title='bbox 1176 3346 1289 3414; x_wconf 88' lang='lat' dir='ltr'>Lion.:</span> <span class='ocrx_word' id='word_1_234' title='bbox 1320 3350 1411 3417; x_wconf 72' lang='lat' dir='ltr'>raro</span> 
     </span>
     <span class='ocr_line' id='line_1_30' title="bbox 421 3453 1412 3535; baseline 0.002 -18"><span class='ocrx_word' id='word_1_235' title='bbox 421 3455 454 3517; x_wconf 85' lang='lat' dir='ltr'>in</span> <span class='ocrx_word' id='word_1_236' title='bbox 474 3455 641 3535; x_wconf 71' lang='lat' dir='ltr'>lepistmim</span> <span class='ocrx_word' id='word_1_237' title='bbox 655 3476 743 3535; x_wconf 77' lang='lat' dir='ltr'>qirem</span> <span class='ocrx_word' id='word_1_238' title='bbox 756 3455 914 3535; x_wconf 77' lang='lat' dir='ltr'>inscripsit</span> <span class='ocrx_word' id='word_1_239' title='bbox 902 3453 1110 3518; x_wconf 83' lang='lat' dir='ltr'>tMcssollo</span> <span class='ocrx_word' id='word_1_240' title='bbox 1127 3455 1172 3519; x_wconf 86' lang='lat' dir='ltr'>dc</span> <span class='ocrx_word' id='word_1_241' title='bbox 1190 3457 1412 3523; x_wconf 81' lang='lat' dir='ltr'>valetudine.</span> 
     </span>
    </p>

    <p class='ocr_par' dir='ltr' id='par_1_9' title="bbox 327 3557 1414 3963">
     <span class='ocr_line' id='line_1_31' title="bbox 327 3557 1411 3640; baseline 0.005 -20"><span class='ocrx_word' id='word_1_242' title='bbox 327 3557 385 3621; x_wconf 91' lang='grc' dir='ltr'>ΙΙΙ.</span> <span class='ocrx_word' id='word_1_243' title='bbox 423 3558 511 3623; x_wconf 87' lang='lat' dir='ltr'>ldem</span> <span class='ocrx_word' id='word_1_244' title='bbox 534 3559 668 3623; x_wconf 89' lang='lat' dir='ltr'>ibidem:</span> <span class='ocrx_word' id='word_1_245' title='bbox 699 3559 834 3623; x_wconf 86' lang='lat' dir='ltr'>Varro&#39;</span> <span class='ocrx_word' id='word_1_246' title='bbox 820 3580 855 3622; x_wconf 84' lang='lat' dir='ltr'>rn</span> <span class='ocrx_word' id='word_1_247' title='bbox 879 3559 1048 3640; x_wconf 68' lang='lat' dir='ltr'>loqmtorico</span> <span class='ocrx_word' id='word_1_248' title='bbox 1065 3561 1122 3640; x_wconf 81' lang='lat' dir='ltr'>qni</span> <span class='ocrx_word' id='word_1_249' title='bbox 1141 3563 1334 3627; x_wconf 76' lang='lat' dir='ltr'>inscribitur</span> <span class='ocrx_word' id='word_1_250' title='bbox 1349 3562 1376 3627; x_wconf 86' lang='lat' dir='ltr'><em>T</em></span> <span class='ocrx_word' id='word_1_251' title='bbox 1377 3583 1411 3625; x_wconf 81' lang='lat' dir='ltr'>s·</span> 
     </span>
     <span class='ocr_line' id='line_1_32' title="bbox 421 3662 1412 3749; baseline 0.003 -19"><span class='ocrx_word' id='word_1_252' title='bbox 421 3667 502 3730; x_wconf 83' lang='lat' dir='ltr'>bcro</span> <span class='ocrx_word' id='word_1_253' title='bbox 529 3669 570 3730; x_wconf 85' lang='lat' dir='ltr'>de</span> <span class='ocrx_word' id='word_1_254' title='bbox 596 3667 741 3749; x_wconf 65' lang='lat' dir='ltr'>origine</span> <span class='ocrx_word' id='word_1_255' title='bbox 767 3665 937 3729; x_wconf 71' lang='lat' dir='ltr'>leoniana.</span> <span class='ocrx_word' id='word_1_256' title='bbox 983 3662 1185 3732; x_wconf 82' lang='lat' dir='ltr'>Censorinus</span> <span class='ocrx_word' id='word_1_257' title='bbox 1210 3669 1252 3733; x_wconf 89' lang='lat' dir='ltr'>de</span> <span class='ocrx_word' id='word_1_258' title='bbox 1277 3670 1331 3736; x_wconf 90' lang='lat' dir='ltr'>die</span> <span class='ocrx_word' id='word_1_259' title='bbox 1352 3675 1412 3736; x_wconf 70' lang='lat' dir='ltr'>nst</span> 
     </span>
     <span class='ocr_line' id='line_1_33' title="bbox 422 3771 1414 3853; baseline 0.007 -16"><span class='ocrx_word' id='word_1_260' title='bbox 422 3795 446 3837; x_wconf 88' lang='lat' dir='ltr'>c.</span> <span class='ocrx_word' id='word_1_261' title='bbox 471 3774 505 3837; x_wconf 87' lang='lat'>9:</span> <span class='ocrx_word' id='word_1_262' title='bbox 535 3774 691 3837; x_wconf 79' lang='lat' dir='ltr'>Varroni.</span> <span class='ocrx_word' id='word_1_263' title='bbox 707 3774 785 3836; x_wconf 88' lang='lat' dir='ltr'>..in</span> <span class='ocrx_word' id='word_1_264' title='bbox 809 3771 885 3835; x_wconf 83' lang='lat' dir='ltr'>libro</span> <span class='ocrx_word' id='word_1_265' title='bbox 907 3771 962 3853; x_wconf 83' lang='lat' dir='ltr'>qni</span> <span class='ocrx_word' id='word_1_266' title='bbox 983 3776 1109 3835; x_wconf 79' lang='lat' dir='ltr'>vocatrir</span> <span class='ocrx_word' id='word_1_267' title='bbox 1134 3773 1262 3841; x_wconf 83' lang='lat' dir='ltr'>Tubero</span> <span class='ocrx_word' id='word_1_268' title='bbox 1286 3783 1316 3843; x_wconf 73' lang='lat' dir='ltr'>et</span> <span class='ocrx_word' id='word_1_269' title='bbox 1338 3780 1414 3843; x_wconf 69' lang='lat' dir='ltr'>iuius</span> 
     </span>
     <span class='ocr_line' id='line_1_34' title="bbox 420 3879 965 3963; baseline 0 -20"><span class='ocrx_word' id='word_1_270' title='bbox 420 3880 599 3944; x_wconf 81' lang='lat' dir='ltr'>inscribitur</span> <span class='ocrx_word' id='word_1_271' title='bbox 621 3882 658 3944; x_wconf 81' lang='lat' dir='ltr'>dc</span> <span class='ocrx_word' id='word_1_272' title='bbox 680 3881 796 3963; x_wconf 56' lang='lat' dir='ltr'>ungine</span> <span class='ocrx_word' id='word_1_273' title='bbox 818 3879 965 3943; x_wconf 79' lang='lat' dir='ltr'>trimano.</span> 
     </span>
    </p>

    <p class='ocr_par' dir='ltr' id='par_1_10' title="bbox 328 3984 1416 4495">
     <span class='ocr_line' id='line_1_35' title="bbox 328 3984 1413 4070; baseline 0.006 -21"><span class='ocrx_word' id='word_1_274' title='bbox 328 3985 383 4049; x_wconf 89' lang='lat' dir='ltr'>IV.</span> <span class='ocrx_word' id='word_1_275' title='bbox 421 3985 510 4050; x_wconf 89' lang='lat' dir='ltr'>Idem</span> <span class='ocrx_word' id='word_1_276' title='bbox 539 4009 559 4049; x_wconf 89' lang='lat' dir='ltr'>a</span> <span class='ocrx_word' id='word_1_277' title='bbox 582 3985 753 4051; x_wconf 88' lang='lat' dir='ltr'>Duebnero</span> <span class='ocrx_word' id='word_1_278' title='bbox 783 4009 886 4070; x_wconf 91' lang='lat' dir='ltr'>nuper</span> <span class='ocrx_word' id='word_1_279' title='bbox 915 3985 1019 4049; x_wconf 85' lang='lat' dir='ltr'>editus</span> <span class='ocrx_word' id='word_1_280' title='bbox 1047 3984 1080 4049; x_wconf 93' lang='lat' dir='ltr'>in</span> <span class='ocrx_word' id='word_1_281' title='bbox 1111 3986 1231 4053; x_wconf 86' lang='lat' dir='ltr'>diariis</span> <span class='ocrx_word' id='word_1_282' title='bbox 1257 3990 1413 4057; x_wconf 84' lang='lat' dir='ltr'>Parisinis</span> 
     </span>
     <span class='ocr_line' id='line_1_36' title="bbox 421 4092 1413 4178; baseline 0.009 -22"><span class='ocrx_word' id='word_1_283' title='bbox 421 4092 547 4156; x_wconf 76' lang='lat' dir='ltr'>‘Revue</span> <span class='ocrx_word' id='word_1_284' title='bbox 571 4092 609 4155; x_wconf 91' lang='lat' dir='ltr'>de</span> <span class='ocrx_word' id='word_1_285' title='bbox 633 4093 821 4178; x_wconf 77' lang='lat' dir='ltr'>philologis,</span> <span class='ocrx_word' id='word_1_286' title='bbox 845 4093 883 4156; x_wconf 90' lang='lat' dir='ltr'>de</span> <span class='ocrx_word' id='word_1_287' title='bbox 905 4092 1090 4156; x_wconf 74' lang='lat' dir='ltr'>litterature</span> <span class='ocrx_word' id='word_1_288' title='bbox 1109 4097 1144 4156; x_wconf 91' lang='lat' dir='ltr'>et</span> <span class='ocrx_word' id='word_1_289' title='bbox 1164 4094 1342 4163; x_wconf 85' lang='lat' dir='ltr'>d&#39;histoire</span> <span class='ocrx_word' id='word_1_290' title='bbox 1363 4121 1413 4163; x_wconf 80' lang='lat' dir='ltr'>sn·</span> 
     </span>
     <span class='ocr_line' id='line_1_37' title="bbox 421 4198 1413 4286; baseline 0.008 -23"><span class='ocrx_word' id='word_1_291' title='bbox 421 4198 565 4264; x_wconf 87' lang='lat' dir='ltr'>ciennes&#39;</span> <span class='ocrx_word' id='word_1_292' title='bbox 589 4199 696 4264; x_wconf 82' lang='lat' dir='ltr'>fascl</span> <span class='ocrx_word' id='word_1_293' title='bbox 715 4221 745 4282; x_wconf 92' lang='lat' dir='ltr'>p.</span> <span class='ocrx_word' id='word_1_294' title='bbox 761 4200 816 4262; x_wconf 84' lang='lat'>23:</span> <span class='ocrx_word' id='word_1_295' title='bbox 847 4198 945 4262; x_wconf 85' lang='lat' dir='ltr'>Varro</span> <span class='ocrx_word' id='word_1_296' title='bbox 969 4199 1004 4260; x_wconf 83' lang='lat' dir='ltr'>in</span> <span class='ocrx_word' id='word_1_297' title='bbox 1028 4198 1206 4281; x_wconf 73' lang='lat' dir='ltr'>loyislorico</span> <span class='ocrx_word' id='word_1_298' title='bbox 1229 4207 1290 4286; x_wconf 79' lang='lat' dir='ltr'>qni</span> <span class='ocrx_word' id='word_1_299' title='bbox 1313 4207 1413 4271; x_wconf 77' lang='lat' dir='ltr'>inscri-</span> 
     </span>
     <span class='ocr_line' id='line_1_38' title="bbox 420 4304 1414 4391; baseline 0.003 -21"><span class='ocrx_word' id='word_1_300' title='bbox 420 4308 502 4370; x_wconf 81' lang='lat' dir='ltr'>bitur</span> <span class='ocrx_word' id='word_1_301' title='bbox 524 4306 637 4370; x_wconf 65' lang='lat' dir='ltr'>(Turio</span> <span class='ocrx_word' id='word_1_302' title='bbox 665 4308 705 4370; x_wconf 86' lang='lat' dir='ltr'>de</span> <span class='ocrx_word' id='word_1_303' title='bbox 728 4308 876 4370; x_wconf 85' lang='lat' dir='ltr'>deornm</span> <span class='ocrx_word' id='word_1_304' title='bbox 898 4304 1007 4368; x_wconf 81' lang='lat' dir='ltr'>cultu.</span> <span class='ocrx_word' id='word_1_305' title='bbox 1054 4305 1272 4391; x_wconf 77' lang='lat' dir='ltr'>Augustinus</span> <span class='ocrx_word' id='word_1_306' title='bbox 1298 4313 1337 4377; x_wconf 88' lang='lat' dir='ltr'>de</span> <span class='ocrx_word' id='word_1_307' title='bbox 1358 4313 1414 4377; x_wconf 85' lang='lat' dir='ltr'>cir.</span> 
     </span>
     <span class='ocr_line' id='line_1_39' title="bbox 421 4411 1416 4495; baseline 0.011 -20"><span class='ocrx_word' id='word_1_308' title='bbox 421 4413 470 4475; x_wconf 84' lang='lat' dir='ltr'>dei</span> <span class='ocrx_word' id='word_1_309' title='bbox 493 4412 572 4495; x_wconf 89' lang='lat' dir='ltr'>Vll,</span> <span class='ocrx_word' id='word_1_310' title='bbox 596 4413 630 4477; x_wconf 80' lang='lat'>9:</span> <span class='ocrx_word' id='word_1_311' title='bbox 669 4414 768 4477; x_wconf 82' lang='lat' dir='ltr'>Varro</span> <span class='ocrx_word' id='word_1_312' title='bbox 793 4414 825 4475; x_wconf 81' lang='lat' dir='ltr'>in</span> <span class='ocrx_word' id='word_1_313' title='bbox 847 4434 880 4475; x_wconf 81' lang='lat' dir='ltr'>eo</span> <span class='ocrx_word' id='word_1_314' title='bbox 903 4411 980 4476; x_wconf 75' lang='lat' dir='ltr'>libro</span> <span class='ocrx_word' id='word_1_315' title='bbox 1007 4432 1099 4493; x_wconf 81' lang='lat' dir='ltr'>quern</span> <span class='ocrx_word' id='word_1_316' title='bbox 1121 4433 1269 4482; x_wconf 83' lang='lat' dir='ltr'>seorsnm</span> <span class='ocrx_word' id='word_1_317' title='bbox 1291 4419 1332 4485; x_wconf 79' lang='lat' dir='ltr'>ab</span> <span class='ocrx_word' id='word_1_318' title='bbox 1353 4420 1416 4485; x_wconf 72' lang='lat' dir='ltr'>istis</span> 
     </span>
    </p>
   </div>
   <div class='ocr_carea' id='block_1_3' title="bbox 0 0 1448 5040">
    <p class='ocr_par' dir='ltr' id='par_1_11' title="bbox 0 0 1448 5040">
     <span class='ocr_line' id='line_1_40' title="bbox 0 0 1448 5040; baseline 0 0"><span class='ocrx_word' id='word_1_319' title='bbox 0 0 1448 5040; x_wconf 95' lang='lat' dir='ltr'> </span> 
     </span>
    </p>
   </div>
  </div>
 </body>
</html>
