2924 5046
611 296 890 345 conunurunrvs.
1254 283 1320 347 263

122 442 307 510 similem
326 462 390 506 nou
406 441 529 506 dicetis
550 440 725 523 quempiam
739 437 787 525 (id
803 441 887 524 quod
902 439 1062 505 suadebat
1075 439 1320 528 Buechelerus):

130 571 261 634 quae
287 547 372 612 enim
401 547 621 612 insolentioris
645 569 722 611 sane
747 547 980 612 conlocationis
1005 548 1153 631 exempla
1174 547 1319 613 Naekius

134 638 336 721 tractavit
352 655 388 718 in
406 653 514 718 Valer.
538 651 608 718 Cat.
632 677 660 737 p.
684 653 750 718 295
765 676 821 738 sq.,
845 653 954 718 aliena
976 655 1026 718 vel
1050 658 1223 738 propterca
1246 659 1321 719 sunt

143 761 262 848 quod
283 761 359 826 talis
383 761 514 825 lieentia
536 763 706 844 poetarum
733 782 799 824 non
823 760 910 825 cadit
933 761 966 824 in
987 760 1049 824 hoc
1072 781 1174 846 genus
1198 762 1319 826 scaeni-

147 891 260 933 cum.
293 866 441 952 Denique
465 889 482 931 e
505 868 606 932 diceus
629 867 789 950 scriptura
811 889 878 932 non
900 868 1006 931 minus
1031 867 1197 932 commode
1222 890 1318 951 quarn

151 976 262 1039 dieas
278 974 344 1038 erui
362 975 464 1039 (tieem
477 973 817 1038 Ribbeckiusmonuit
836 974 1013 1057 verissime,
1037 973 1070 1038 id
1094 977 1202 1038 autern
1226 979 1318 1039 acute

154 1080 259 1144 vidit
279 1084 424 1164 spectare
448 1080 488 1144 ad
512 1079 714 1145 adversarios
739 1084 772 1143 et
800 1080 1034 1144 obtrectatores
1063 1102 1173 1163 posse,
1201 1080 1318 1164 quibus

157 1187 200 1250 in
233 1187 366 1272 prologo
390 1186 455 1251 isto
469 1184 624 1251 Afranius
643 1185 847 1269 respondisse
867 1185 1203 1274 videretur-similiter
1223 1190 1318 1271 atque

159 1292 291 1358 Luscio
304 1293 483 1369 ,Lanuvino
507 1292 688 1356 Terentius,
725 1290 849 1355 Harum
873 1293 975 1377 igitur
998 1293 1171 1357 coniuncta
1194 1295 1243 1357 vis
1267 1316 1318 1358 co·

160 1398 369 1481 gitationum
392 1420 458 1463 non
481 1399 589 1482 potuit
612 1419 663 1463 me
682 1419 749 1463 non
767 1420 896 1464 morere
911 1399 990 1483 quin
1002 1400 1205 1483 probabilius
1221 1423 1318 1484 quam

162 1503 257 1568 olim
283 1505 404 1570 lactum
435 1509 485 1568 est
515 1508 631 1589 poetae
661 1526 794 1570 manum
823 1504 885 1570 hoc
912 1506 1059 1590 exemplo
1087 1508 1214 1571 restitui
1243 1529 1317 1572 con·

162 1607 318 1674 fiderem:
753 1600 756 1606 ⁵

335 1716 458 1781 Terenti
480 1737 614 1781 uuuauc
635 1717 769 1781 simulem
790 1718 899 1782 ducat
919 1719 1117 1800 quempiam?

164 1820 247 1888 Vbi
262 1824 355 1909 siqui
368 1844 521 1888 meeruuam
535 1824 756 1908 praetulerint,
775 1828 887 1909 optare
908 1847 966 1889 suo
981 1825 1140 1891 arbitratu
1154 1830 1317 1910 poterunt.

265 1929 444 2014 Pag.213,1
467 1953 525 2016 pro
548 1932 583 1995 iu
597 1929 727 1996 [aueum
750 1952 846 2016 aegre
869 1932 1061 2017 perspicitur
1084 1932 1160 2017 quid
1179 1935 1318 1999 moverit

167 2033 353 2104 Robertum
384 2037 553 2124 Vngerum
589 2043 640 2120 ut,
663 2038 714 2102 ‘iu
749 2037 848 2102 Liuo’
887 2039 1036 2103 suaderet
1074 2036 1317 2103 Subsicivorum

168 2140 421 2229 Braudenburgi
449 2143 534 2209 Novi
563 2167 591 2208 a.
616 2145 702 2211 1854
730 2145 890 2210 editorum
917 2167 948 2228 p.
971 2144 1006 2208 3:
1040 2144 1242 2210 coniectandi
1266 2146 1316 2210 vel

169 2251 284 2328 potius
305 2251 484 2315 hariolandi
507 2272 634 2336 genere,
657 2255 694 2315 ut
715 2252 811 2315 nobis
834 2251 969 2335 videtur,
992 2251 1083 2316 valde
1107 2251 1316 2317 infructuose.

171 2351 279 2428 Quam
304 2358 389 2422 enim
413 2358 576 2422 veteribus
605 2357 663 2422 illa
686 2358 757 2442 ipsa
779 2357 949 2440 inscriptio
973 2356 1193 2422 miscellorum
1217 2357 1316 2423 libro·

172 2479 254 2526 rum
271 2466 427 2548 placuerit
450 2486 531 2548 quae
554 2465 606 2529 vel
620 2464 744 2543 Λειμών
767 2464 831 2527 fuit
848 2463 899 2528 vel
914 2464 1073 2543 Λειμῶνεε
1091 2463 1143 2527 vel
1158 2461 1316 2527 ‘Proteum'

176 2567 233 2631 vel
257 2569 386 2655 ‘Prata’,
419 2574 471 2637 sat
498 2571 594 2636 certis
623 2570 819 2635 testimoniis
848 2592 920 2635 curn
945 2568 1043 2634 Gellii
1066 2573 1137 2634 tum
1159 2570 1259 2635 Plinii
1284 2571 1316 2636 in

179 2676 443 2756 praelationibus,
472 2675 589 2742 Suidae
613 2700 641 2741 v.
664 2676 850 2760 Πάμφιλος,
877 2677 1044 2760 ipsiusque
1068 2677 1215 2761 exemplo
1240 2675 1315 2741 Sue-

183 2777 265 2845 tonii
291 2787 430 2849 constat:
468 2805 528 2849 neo
560 2807 577 2848 e
608 2782 765 2847 Plinianis
795 2781 993 2847 Gellianisve
1026 2782 1133 2846 verbis
1165 2782 1198 2847 id
1231 2784 1315 2866 quod

186 2876 322 2972 Vngerus
349 2893 521 2974 argutatur
547 2888 614 2953 ullo
644 2889 738 2954 modo
767 2889 983 2974 consequitur.
1034 2886 1156 2954 Contra
1183 2888 1315 2955 ‘Limus'

186 2982 241 3052 ille
261 2996 328 3078 quid
351 2997 414 3061 sibi
437 2995 526 3078 velit,
549 2996 604 3060 vix
627 3017 664 3060 ac
687 3018 727 3060 ne
750 2996 804 3060 vix
828 2995 959 3081 quidem
981 2996 1210 3081 intellegimus.
1247 2996 1315 3062 Nec

190 3101 466 3184 sequanorum
490 3101 661 3168 Schottum
684 3123 849 3166 moramur
875 3104 911 3167 iu
928 3103 1049 3168 'laborm
1072 3102 1314 3168 comminiscen-

190 3197 252 3268 tem
268 3205 382 3274 Nodor.
405 3206 505 3274 Cicer.
529 3225 569 3271 111
593 3230 618 3273 c.
639 3209 689 3272 10.

268 3313 531 3380 versutamque
547 3314 692 3394 mulius]
716 3315 835 3380 Poetae
855 3315 983 3399 quidem
1003 3315 1179 3383 Ciceroni
1203 3342 1314 3404 quam-

191 3407 234 3476 ris
254 3421 347 3488 multa
370 3420 588 3487 condonemus
612 3444 694 3506 quae
718 3422 752 3485 in
775 3426 938 3487 oratorem
960 3424 1049 3488 nullo
1073 3425 1169 3490 modo
1188 3425 1313 3509 cadant,
1328 3446 1367 3484 sas

192 3517 284 3594 lttmen
308 3533 376 3595 tam
403 3528 459 3592 ille
487 3549 599 3612 expers
628 3528 806 3614 elegantiae
833 3552 873 3594 ne
901 3530 935 3595 in
963 3532 1160 3596 carminibus
1184 3533 1314 3616 quidem

193 3618 246 3694 fuit
263 3639 294 3700 ut
316 3637 366 3700 vel
389 3635 471 3699 haec
495 3634 663 3699 scriberet:
688 3640 720 3700 lu
742 3657 865 3717 quoque,
888 3637 962 3718 qui.
979 3687 985 3700 .
1000 3688 1006 3700 .
1021 3659 1196 3718 eaqmcssum
1215 3638 1315 3702 latina

195 3747 261 3805 loce
277 3743 489 3808 Menandrum
511 3742 546 3805 iu
569 3742 703 3806 audium
725 3743 812 3807 uobis
833 3744 946 3807 sedatis
967 3744 1120 3808 uocibus
1142 3744 1238 3823 effers,
1262 3745 1313 3809 vel

196 3856 246 3910 nou
263 3848 366 3915 minus
390 3848 508 3934 frigide
530 3848 713 3933 proximum
737 3871 864 3914 versum
887 3849 986 3913 talem
1010 3850 1145 3914 faceret:
1167 3851 1315 3932 quiddam

196 3963 256 4020 mm
279 3956 430 4040 loquens
456 3961 546 4038 atque
572 3955 678 4020 omum
705 3955 809 4020 dulcem
834 3956 967 4021 diceus.
1018 3955 1062 4019 Et
1089 3956 1157 4020 illie
1186 3955 1313 4041 quidem

179 4059 241 4131 ‚us
259 4062 339 4127 nibil
361 4062 434 4126 ritii
457 4062 509 4127 vel
522 4062 759 4127 Valckenarius
776 4062 816 4125 in
839 4060 1004 4127 Theocriti
1027 4062 1180 4128 Adoniaz.
1203 4085 1234 4146 p.
1249 4062 1315 4126 330

191 4166 228 4231 rel
255 4167 435 4234 Meinekius
466 4168 601 4253 praelat.
633 4168 802 4234 Menandri
835 4192 865 4254 p.
888 4186 1013 4233 xxxvn
1043 4168 1200 4252 suspicati
1230 4174 1315 4254 sunt,

186 4294 281 4340 rerum
303 4297 379 4340 raro
403 4275 550 4360 exemplo
572 4274 729 4340 Bartbius
753 4275 837 4341 vidit
859 4273 1127 4341 Adversariorum
1149 4293 1270 4360 xxm,
1293 4277 1312 4342 'l

178 4381 284 4452 melotis
304 4380 463 4448 motibus
486 4381 686 4448 substituens
708 4403 767 4469 pro
789 4381 905 4449 wude
923 4378 1063 4449 maus.
1083 4378 1172 4440 antid
1192 4400 1235 4440 na
1255 4402 1315 4449 m
