2888 5040
234 112 300 173 5⁶20
444 190 448 197 ¹
565 128 680 173 usivuu
705 105 849 172 vnuao’s
874 125 1050 171 virneuvvu

104 260 106 264 ἱ
235 274 352 333 natura
375 270 600 352 praestitisset,
624 269 733 333 dedita
755 289 854 351 opera
878 269 1069 353 designavit,
1092 270 1162 334 fieri
1180 254 1411 353 pouitpross

234 376 319 439 fecto
348 380 384 439 ut
412 398 449 438 ex
473 374 720 440 Hebdomadum
748 374 972 439 recordatione
1000 375 1124 459 aliquid
1152 375 1245 439 etiam
1262 377 1291 439 in
1312 388 1391 435 ce·

233 482 312 545 teris
339 482 487 564 partibus
515 483 694 565 proliceret.
739 480 815 545 Non
845 481 884 544 de
907 480 1030 544 talibus
1053 481 1163 563 potius
1185 503 1262 545 nunc
1281 474 1388 561 cogi·

217 593 341 652 tamus
360 588 454 672 quale
473 592 523 652 est
542 588 627 671 quod
646 592 722 670 post
738 587 858 651 factam
872 585 1001 669 Apellis
1015 588 1213 651 mentionem
1226 591 1390 671 quattrmr

235 695 375 776 pictores
399 697 419 773 ξ
446 695 507 758 126
532 692 670 757 sociavit
687 692 875 776 Aristidem,
897 693 1153 777 timomachum,
1175 693 1390 772 Bularolurm,

234 802 450 885 Protogenem
483 823 502 864 a
535 800 736 883 praestantia
767 803 800 862 et
827 799 964 864 caritate
993 799 1178 864 tabularum
1205 799 1389 865 notabiles:

235 930 332 991 quam
362 909 400 971 de
428 906 486 970 illa
514 906 656 988 capitum
685 905 874 970 diversitate
897 928 1067 991 rerumque
1091 905 1388 972 dissimillimarum

235 1014 398 1098 congerie,
421 1015 510 1078 cuius
534 1012 665 1076 initium
688 1013 724 1074 fit
747 1014 767 1090 lg*
792 1011 843 1075 33.
890 1010 983 1075 Vnde
1006 1016 1138 1095 praesto
1162 1017 1235 1077 sunt
1254 1013 1298 1097 (ut
1316 1033 1388 1078 or·

235 1120 341 1184 dinem
361 1121 546 1184 Plinienum
566 1116 743 1203 servemus)
762 1139 828 1182 uon
847 1121 1001 1183 consueto
1020 1122 1118 1201 partu
1138 1117 1225 1200 editi,
1244 1119 1388 1183 insolite

235 1226 378 1308 eorporis
407 1225 459 1288 vel
483 1226 587 1309 figura
610 1225 661 1287 vel
685 1246 838 1287 mensura
861 1225 912 1287 vel
935 1224 1092 1288 firmitate
1116 1229 1174 1288 aut
1194 1224 1389 1289 infirmitate

234 1331 287 1395 vel
310 1331 469 1414 patientia
493 1330 652 1416 insignes,
675 1351 831 1412 cursores,
855 1330 1019 1394 oculorum
1044 1330 1214 1395 auditusve
1234 1332 1295 1395 acis
1313 1350 1388 1393 va·

235 1439 348 1520 lentes,
366 1459 432 1502 non
452 1437 572 1501 usitata
591 1437 622 1500 vi
637 1437 811 1500 memoriae
826 1436 978 1518 praediti:
997 1442 1131 1520 praesto
1146 1442 1220 1503 sunt
1233 1433 1387 1520 exempla

234 1543 444 1627 fortitudinis,
467 1543 651 1626 probitatis,
676 1543 859 1625 pudicitiae,
883 1543 1024 1626 pietatis,
1049 1545 1129 1609 item
1152 1545 1257 1609 variae
1273 1545 1302 1608 iu
1321 1540 1389 1605 de

235 1651 341 1736 genda
355 1655 463 1716 aetate
477 1649 655 1733 felicitatis,
670 1649 912 1733 longaevitatis,
926 1670 1081 1733 generum
1098 1653 1226 1717 mortis:
1247 1650 1389 1735 praesto

235 1761 285 1821 est
308 1756 444 1839 denique
467 1756 500 1819 in
525 1755 649 1818 deliciis
672 1756 821 1821 habitum
844 1761 945 1840 caput
965 1758 1061 1842 louge
1080 1758 1272 1823 uberrimum
1287 1746 1392 1842 quod

236 1867 285 1926 est
311 1862 350 1926 de
379 1862 613 1926 inventoribus.
659 1863 831 1927 Praeterea
860 1863 1003 1928 locorum
1029 1865 1247 1929 communium
1268 1852 1394 1929 multi·

234 1967 379 2032 tudinem
394 1967 615 2032 Hebdomadis
636 1973 784 2052 aptorum
804 1970 894 2034 facili
909 1971 1043 2053 negotio
1059 1994 1075 2035 e
1091 1971 1222 2037 Valerio
1235 1970 1395 2036 Maximo

236 2096 422 2157 coacerves,
453 2075 645 2158 praesertim
677 2076 705 2139 si
736 2075 770 2140 in
806 2084 930 2140 morum
963 2077 1170 2161 disciplinam
1203 2076 1397 2143 varronem

236 2180 366 2266 longius
393 2181 610 2265 exspatiatum
634 2181 816 2246 credideris.
863 2182 954 2247 Adde
976 2183 1065 2248 vitae
1088 2183 1288 2250 condiciones
1307 2177 1398 2247 siu·

236 2288 379 2372 gulareS,
409 2310 492 2371 quae
522 2310 581 2351 nec
610 2287 702 2352 nullo
732 2310 792 2353 nec
821 2289 969 2373 proximo
1001 2312 1074 2354 cum
1096 2291 1179 2375 ipsis
1203 2290 1322 2355 artibus
1369 2278 1401 2341 el

236 2393 356 2459 litteris
380 2395 509 2459 vinculo
533 2394 723 2461 coniunctae
747 2399 837 2460 sunt:
865 2417 925 2460 nec
948 2397 1033 2460 enim
1059 2398 1165 2482 magis
1189 2399 1230 2462 et'
1243 2398 1401 2463 vasibus

182 2500 470 2585 xnehresmologis
495 2521 568 2563 cum
592 2497 739 2583 Sibyllis,
763 2500 998 2585 sacerdotibus,
1021 2501 1131 2587 legum
1152 2504 1326 2587 latoribus,
1368 2486 1400 2556 id

235 2627 337 2691 genus
369 2606 442 2670 aliis
471 2611 541 2670 erat
569 2628 625 2669 cur
648 2606 736 2670 loeus
761 2607 988 2692 denegaretur,
1017 2629 1077 2673 nec
1099 2611 1205 2695 magis
1228 2596 1400 2676 credibile

236 2716 285 2775 est
308 2716 431 2794 septem
450 2711 612 2795 sapientes
633 2711 829 2777 Graecorum
848 2734 945 2796 quam
965 2718 1091 2797 septem
1110 2737 1203 2800 reges
1217 2716 1398 2783 Romanos

236 2819 481 2901 praetermissos
506 2841 585 2884 esse.

324 2924 399 2989 Non
429 2926 611 2990 mehercule
635 2927 701 2992 ullo
726 2928 821 2993 modo
845 2928 1069 2993 contendimus
1092 2930 1150 2995 illa
1173 2952 1288 3017 genera
1307 2939 1398 2992 om·

234 3031 289 3095 nia
311 3030 495 3115 Imaginum
525 3032 744 3098 voluminibus
773 3035 840 3099 suis
864 3035 1045 3100 Varronem
1070 3041 1273 3120 persecutum
1294 3026 1398 3102 cette*-

235 3136 291 3199 sed
322 3137 468 3219 exemplo
500 3158 570 3202 esse
600 3142 725 3203 tantam
754 3141 953 3205 celebritatis
985 3143 1113 3226 copiam
1137 3147 1171 3207 et
1193 3142 1397 3208 varietatem

234 3241 397 3325 volumus,
424 3265 521 3327 quam
545 3245 714 3329 multiplex
739 3247 914 3312 inlustrata
937 3271 957 3312 a
980 3247 1130 3314 Varrone
1152 3251 1287 3316 materis
1306 3248 1398 3311 3⁵⁸⁶

234 3349 390 3431 potuerit:
419 3349 473 3413 sed
504 3357 708 3436 argument0,
739 3375 834 3436 quam
858 3353 941 3417 nihil
965 3355 999 3419 in
1022 3355 1085 3420 hac
1109 3358 1267 3421 certorum
1287 3336 1398 3420 pesti·

235 3456 417 3521 moniorum
445 3458 610 3540 paucitate
634 3480 706 3523 cum
731 3460 841 3543 aliqua
864 3460 1062 3525 confidentia
1086 3461 1225 3526 divinari
1248 3461 1286 3526 de
1307 3447 1400 3523 illst

235 3582 308 3623 rum
337 3561 494 3629 librorum
518 3565 694 3648 partitione
717 3568 831 3650 possit.
877 3566 951 3632 Nisi
974 3567 1061 3651 quod
1085 3568 1134 3633 ita
1155 3568 1253 3632 etiam
1274 3547 1402 3638 magi⁸

234 3666 442 3752 perspicitur,
472 3670 634 3753 quomodo
667 3672 747 3735 illud
770 3672 876 3736 Varro
908 3674 1078 3738 instituere
1107 3674 1249 3757 potuerit
1270 3677 1304 3739 ut
1346 3671 1404 3721 0¹⁶

233 3776 321 3836 terae
342 3777 375 3837 et
393 3774 589 3841 domesticae
609 3779 739 3842 virtutis
759 3779 869 3844 laudes
885 3781 993 3864 aliquo
1008 3781 1106 3846 modo
1121 3773 1409 3866 exaequaremtffi·

234 3876 320 3942 Nam
344 3880 373 3943 si
396 3882 430 3944 in
455 3883 648 3967 quibusdam
669 3885 817 3969 partibus
836 3886 888 3950 vix
908 3885 1053 3950 habebat
1072 3908 1150 3952 sane
1163 3876 1414 3952 Rommoruss

233 3985 345 4069 inopia
364 3988 449 4071 quod
469 4010 540 4053 cum
560 3988 756 4055 Graecorum
775 3993 980 4076 praestantia
998 3981 1418 4079 contenderet*),tu111⁶¹¹

321 4214 346 4279 *)
365 4215 438 4269 Dum
456 4217 485 4282 in
505 4234 538 4281 eo
557 4221 602 4273 est
619 4218 812 4289 typographus
825 4219 858 4272 ut
871 4218 980 4287 prelum
996 4222 1134 4290 exerceat,
1147 4237 1234 4276 noves
1246 4196 1432 4289 quundnm
