2888 5040
532 370 815 419 conunsrsrnvs.
1180 350 1243 416 259

129 511 288 604 ¹tetimonio
310 512 391 576 haec
414 512 561 597 quaestio
586 514 691 578 omnis
715 513 909 596 absolvitur,
932 511 1166 594 Hieronymus,
1190 510 1245 594 qui

148 615 197 699 ipsa
219 616 350 683 Suetonii
382 619 482 683 verba
514 619 696 703 exprimens
727 619 885 684 Terentius
912 618 1018 702 inquit
1045 619 1079 680 ic
1106 617 1246 681 Arcadio

146 727 246 802 maiar,
266 746 331 789 non
354 723 438 789 dixit
460 724 636 808 Stymphali
658 727 798 790 moritur.
836 722 921 787 Nam
946 746 984 787 ex
1007 723 1144 787 Ausonii
1169 745 1246 786 sane

145 830 222 895 urhis
242 831 341 916 Epist
374 832 545 916 xvn1,16
576 832 735 897 Amedine
760 833 858 898 merlio
885 832 940 913 qui
967 832 1045 896 iacet
1071 831 1106 894 io
1131 831 1247 913 premio

142 935 203 1001 nihil
220 938 453 1003 consectarium.

207 1041 267 1127 ng.
283 1045 347 1120 212,
366 1045 382 1109 1
405 1046 598 1128 impletatem
620 1045 754 1128 formae,
778 1068 874 1131 quam
898 1049 1039 1110 testatur
1056 1043 1196 1108 Parisini
1214 1043 1247 1107 A

143 1151 273 1233 nemone,
288 1173 354 1216 non
373 1155 446 1216 erat
461 1175 518 1218 eur
535 1152 720 1235 implicitum
734 1153 913 1237 praeferret
926 1151 1067 1217 Rothius
1083 1151 1152 1231 [sed
1167 1151 1201 1213 in
1215 1151 1248 1213 Α

143 1255 205 1319 item
221 1257 381 1338 inplicitum
403 1258 468 1343 legi
487 1280 575 1324 nune
588 1258 755 1343 Meynehii
773 1260 961 1324 testimonio
981 1260 1110 1323 constat
1123 1255 1157 1321 O.
1172 1255 1249 1335 W.].

142 1359 217 1426 Recte
231 1367 331 1428 sutem
348 1363 435 1429 idem
453 1386 490 1429 eor
508 1366 610 1430 dotem
627 1386 664 1430 ae
678 1366 792 1430 toerlio:
815 1365 849 1430 in
872 1365 988 1449 quibus
1012 1362 1248 1449 perscribendis

144 1485 201 1530 cum
225 1469 365 1534 hbrarius
402 1470 624 1555 imprudenter
660 1471 871 1555 anticipatum
903 1493 940 1536 oe
970 1471 1165 1555 particulam
1198 1468 1248 1532 bis

145 1575 269 1653 posuisset
297 1598 334 1641 ae
364 1598 403 1642 er
434 1579 536 1644 dolore
566 1601 604 1644 ae
635 1581 747 1657 aaa,
778 1577 855 1643 hino
887 1578 1050 1662 profectus
1079 1572 1250 1659 corrector,

148 1680 241 1747 ecnin
261 1684 444 1749 recensione
466 1686 542 1750 libri
565 1686 685 1752 novicii
704 1690 885 1769 mananmt‚
909 1686 1035 1749 effinxit
1054 1684 1150 1748 nihili
1170 1684 1246 1747 seri·
1263 1703 1301 1743 sn

150 1786 240 1863 pteram
259 1791 322 1855 aeri
343 1791 445 1856 dolore
467 1813 504 1857 oc
527 1795 634 1857 teatio.
680 1792 768 1858 Nam
789 1791 873 1857 nihil
897 1795 933 1855 ut
956 1791 1061 1856 dicam
1085 1790 1124 1854 de
1148 1789 1250 1852 ambi-

153 1905 197 1969 tu
211 1896 412 1961 conlocatione
435 1899 503 1962 oca
526 1898 692 1982 adiectivi,
715 1899 801 1983 quod
824 1898 910 1961 inter
933 1897 1081 1961 morbum
1106 1900 1139 1960 et
1161 1895 1249 1960 dolo-

154 2012 200 2059 rem
215 2000 320 2067 ineerta
343 2003 584 2069 construetione
607 2008 758 2089 vagatur,
787 2004 891 2088 ipsam
915 2024 952 2068 ex
975 2002 1250 2086 praepositionem

105 2162 108 2193 Ι
156 2095 209 2167 lace
224 2109 336 2191 quidem
354 2109 518 2175 sententia
535 2111 682 2194 postulat
700 2111 890 2175 necessario.
923 2108 1000 2174 Non
1019 2131 1095 2173 sane
1115 2130 1250 2192 usquam

157 2199 291 2300 Suetonius,
323 2238 396 2281 cum
425 2216 610 2300 qnempiam
639 2216 806 2301 quippiam
839 2214 946 2280 faeere
976 2214 1101 2298 dolore,
1133 2215 1251 2298 taedio,

158 2316 215 2380 metu
232 2321 381 2386 declarare
410 2321 480 2385 vult
506 2320 711 2405 simpliciter,
743 2321 776 2386 id
805 2321 931 2386 adiecta
958 2342 995 2386 ac
1017 2322 1150 2386 notione
1174 2321 1252 2385 dicit

158 2411 225 2497 (velut
241 2449 305 2493 cnm
323 2426 471 2494 Servium
487 2429 607 2510 predere
629 2449 666 2493 oe
689 2431 787 2494 toedio
809 2429 970 2494 soeessissc
983 2427 1022 2492 ub
1044 2429 1118 2493 urbe
1140 2432 1252 2492 narrat
1370 2458 1375 2463 ·

159 2517 356 2620 degnum-⁹0:
380 2533 437 2598 sed
460 2534 609 2598 morbum
634 2558 706 2599 oum
726 2535 860 2599 vellete
880 2535 990 2600 dolore
1010 2539 1117 2599 ortum
1136 2534 1251 2615 dicere,

161 2625 255 2704 debehat
277 2641 422 2725 profecto
451 2639 606 2707 ‘acerbum
634 2663 671 2707 ea
698 2640 825 2724 dolore'‚
858 2643 922 2706 nisi
947 2642 1056 2705 addito
1079 2639 1251 2723 participio

159 2729 243 2810 ‘dolore
258 2747 418 2813 effeetum'
437 2749 552 2813 mallet
570 2749 620 2813 vel
645 2748 803 2813 similiter.
841 2748 933 2825 Quod
957 2747 1085 2831 quidem
1110 2746 1252 2810 sentiens

160 2835 254 2917 lollius
273 2879 344 2921 eum
367 2860 504 2938 utroque
528 2856 652 2919 sociato
677 2856 835 2920 vocabulo
859 2856 906 2920 sic
925 2855 1057 2939 scripsit
1075 2853 1177 2917 asorbo
1197 2854 1252 2916 irri-

157 2945 253 3023 llio'lora
277 2965 342 3028 ueri
371 2984 408 3027 ea
437 2963 538 3027 dolore
566 2985 603 3027 oe
633 2964 744 3040 teatio,
777 2985 842 3027 non
875 2963 980 3047 magis
1012 2961 1128 3044 placet.
1179 2958 1252 3023 Sive

161 3055 215 3123 ‘lim
236 3087 295 3133 cum
324 3069 429 3133 morbo
460 3069 527 3133 sive
558 3092 631 3134 cnm
661 3070 762 3134 dolore
792 3070 929 3133 struitur
956 3069 1023 3132 aeri
1051 3066 1254 3145 adieetivum,

161 3163 250 3235 binde
268 3175 374 3260 inepto
398 3175 540 3260 pondere
564 3178 761 3240 sententiam
785 3181 899 3241 onerat
918 3175 1136 3258 postpositum
1155 3174 1253 3257 parti-

162 3262 217 3346 cipio
233 3297 261 3340 ac
279 3281 511 3364 praepositioni
534 3284 762 3365 antepositum.
798 3280 884 3346 Nolo
905 3282 989 3346 enirn
1009 3282 1098 3346 ineo
1122 3281 1254 3344 haerere

105 3382 113 3485 Ι
163 3376 217 3450 llll
231 3404 339 3462 putrem
357 3387 466 3470 potius
487 3387 635 3451 morbum
655 3386 739 3452 solet
754 3385 927 3452 Suetonius
947 3387 1051 3451 (licere
1070 3394 1108 3452 ut
1122 3386 1253 3451 Tibur.

105 3498 112 3515 ’·
164 3469 257 3571 vitel,
273 3515 332 3558 non
346 3512 447 3557 aerera
463 3495 499 3555 ut
513 3491 646 3557 Plautus
661 3491 881 3559 Menaechmis
901 3516 930 3558 v.
940 3494 1014 3558 872.
1044 3493 1167 3570 Quodsi
1181 3494 1253 3576 quis

167 3579 224 3651 llud
236 3614 328 3663 eruere
347 3620 364 3662 e
382 3597 523 3662 Parisini
541 3599 699 3663 memoria
717 3600 862 3664 animum
882 3601 1052 3677 induxerit,
1071 3623 1170 3664 unum
1192 3597 1253 3661 hoe

105 3716 108 3799 ᾗ
166 3686 268 3764 cletum
279 3709 324 3768 est
337 3709 374 3769 ut
387 3704 491 3769 morbo
504 3705 698 3785 innittentem
707 3728 786 3787 pirae
799 3708 901 3772 dolore
915 3708 1030 3790 probet
1044 3704 1056 3781 l
1059 3711 1095 3770 ut
1104 3705 1178 3771 Oth.
1187 3701 1254 3788 12):

168 3796 352 3875 leunensis
370 3809 542 3894 probabile
560 3811 595 3875 in
613 3831 650 3876 ue
668 3833 705 3876 ecc
724 3818 911 3897 corruptum
935 3835 1014 3896 esse,
1037 3813 1107 3896 ipse
1131 3810 1255 3874 viderit.

225 3901 282 3992 Plg.
298 3915 356 3990 212,
372 3916 391 3980 2
413 3917 611 3981 sareiuorum
634 3917 732 3981 etiam
757 3919 895 4003 scriptor
914 3920 1000 3983 vitae
1020 3916 1255 3981 Ambrosiauae

169 3998 225 4087 litii
239 4021 356 4086 bracos
375 4021 559 4105 subactusque
581 4023 615 4086 in
639 4045 755 4088 navem
778 4024 948 4108 impositas
972 4046 1168 4089 memorans:
1201 4022 1255 4085 ubi

167 4116 294 4188 ”stitutus
308 4127 456 4193 Petrarea
475 4150 547 4194 cum
566 4130 747 4194 Polentono
767 4130 897 4196 habent.
920 4132 989 4196 Nee
1009 4130 1096 4195 aliud
1117 4127 1256 4193 voluisse

169 4208 316 4300 Stephanum
333 4237 486 4319 suspicor,
505 4237 621 4300 calami
640 4240 766 4300 tantum
786 4238 836 4300 vel
855 4224 1047 4321 typothetae
1067 4257 1174 4301 errore
1193 4235 1256 4298 nisi

169 4314 239 4388 fallor
254 4343 411 4418 utprorm
433 4343 676 4425 exprimentem.

233 4430 328 4508 lbilem
353 4450 388 4513 in
413 4468 526 4511 norrun
559 4448 643 4531 quod
674 4449 813 4514 Rothius
842 4450 963 4535 recepit
991 4473 1028 4514 ex
1058 4451 1103 4534 A,
1134 4449 1257 4513 laetum

991 4553 1045 4609 17*
