2924 5046
168 319 233 384 368
589 335 636 381 na
659 335 694 382 u.
719 334 894 381 vnaaours

169 477 356 541 rnandacala
374 477 538 558 portulaca
561 478 619 541 cilo
638 477 726 554 tollit,
748 477 803 540 ubi
823 475 944 559 aliquid
964 474 1084 538 excidit
1102 495 1215 539 eorum
1233 497 1269 559 qr

168 585 355 648 manducata
372 584 530 664 porcilaca
554 584 662 648 sanari
685 583 811 647 Plinius
834 580 969 646 tradidit
992 580 1032 645 N.
1055 581 1095 646 H.
1119 581 1192 665 XX,
1201 583 1256 666 20,

170 690 258 753 velut
279 691 382 754 ulcera
405 688 515 775 (oris),
550 696 696 755 tumorem
720 687 969 775 (gingivarum),
1000 688 1118 754 dolores
1141 690 1269 774 (dentiu

168 800 202 859 et
231 818 313 879 quae
344 802 419 861 sunt
448 798 587 882 reliqua:
622 799 708 863 sitim
736 797 865 881 Lipsius
895 801 927 860 et
950 794 1074 878 Popma
1104 796 1269 860 inseruert

169 901 243 967 Non
266 925 336 967 esse
352 925 435 985 casu
459 905 582 969 facturn
606 909 750 988 apparet,
773 903 858 988 quod
883 925 921 966 ex
944 924 1009 966 uno
1032 901 1212 985 eodemque
1232 902 1269 965 lil

170 1007 210 1072 ad
234 1010 365 1075 morbos
394 1015 426 1075 et
455 1011 689 1075 medicamenta
713 1009 895 1094 spectantia
917 1008 1102 1093 fragmenta
1125 1007 1190 1073 duo
1215 1030 1269 1092 pr(

169 1120 296 1180 runtur:
331 1117 431 1181 immo
461 1139 498 1182 eo
527 1117 599 1200 ipso
627 1116 711 1181 libro
739 1119 917 1181 tractatam
944 1137 1014 1179 esso
1042 1115 1238 1180 medicinam

169 1226 278 1306 potest
301 1224 452 1288 dubitari.
493 1225 640 1307 Eamque
664 1246 732 1287 rem
755 1223 885 1306 gravius
909 1223 1008 1286 etiam
1032 1223 1189 1286 similium
1214 1244 1269 1287 mu

169 1329 247 1393 tudo
276 1329 533 1415 fragmentorum
561 1331 744 1415 persuadet,
777 1352 858 1414 quae
886 1329 1069 1413 composita
1096 1329 1246 1410 habes§

171 1434 216 1497 Et
238 1458 315 1499 usus
340 1440 390 1499 est
404 1436 617 1502 Varronianis
642 1437 741 1499 etiam
756 1435 899 1499 isidorus
920 1436 952 1498 in
973 1457 1012 1500 ea
1030 1439 1121 1518 parte
1136 1434 1269 1520 Origini

170 1563 251 1624 quae
274 1542 427 1606 continuo
452 1543 614 1626 excipiens
639 1542 885 1607 mathematicas
905 1541 1093 1626 disciplinas
1117 1545 1168 1606 est
1191 1542 1269 1606 der

170 1646 283 1730 dicina,
307 1647 364 1730 IV,
386 1649 415 1732 8,
437 1649 490 1712 13:
513 1651 696 1732 accepissem
718 1670 787 1713 ocro
812 1649 911 1712 Varro
934 1650 1087 1734 appellari
1109 1651 1158 1712 ait
1178 1671 1202 1712 a
1224 1649 1269 1713 col

170 1755 260 1829 arur&
298 1757 331 1816 et
356 1755 409 1835 11,
432 1757 467 1818 4:
499 1761 543 1820 est
569 1757 651 1819 calor
673 1756 745 1837 pila
772 1775 826 1819 oos
848 1775 1013 1820 concavum
1039 1760 1068 1819 et
1095 1757 1269 1820 eradicari

169 1865 278 1942 aptam
305 1862 391 1938 astri,
423 1863 458 1924 ln
484 1881 544 1942 qrro
564 1863 692 1943 proprie
713 1863 859 1942 ptisanae
886 1862 956 1943 fieta?
982 1866 1011 1925 ct
1026 1864 1189 1944 rotomorum
1213 1884 1269 1927 ror

170 1963 282 2052 (vulgo
305 1966 436 2052 emaci)
460 1968 562 2032 solent.
607 1968 706 2032 Varro
728 1974 831 2032 aretem
853 1968 946 2048 refert
967 1974 996 2032 ot
1018 1968 1205 2033 Pilumnum
1227 1990 1269 2051 qu

169 2074 242 2137 darn
265 2076 300 2137 lu
319 2074 418 2138 Italia
438 2074 545 2157 fuisse,
567 2076 622 2157 qai
638 2076 785 2155 ransortdl
804 2075 1085 2156 praeterituram:
1109 2078 1191 2139 rende
1213 2081 1243 2140 et

171 2178 272 2243 leonaci
294 2180 422 2246 cultores
439 2181 615 2265 pistor·cs.*)
661 2182 700 2245 ab
730 2182 784 2247 lroc
810 2183 907 2263 coitur
928 2181 1030 2262 pilatu
1055 2187 1084 2245 ct
1101 2182 1171 2262 pilo
1195 2183 1269 2246 ime

170 2285 271 2371 (vulg.
285 2288 464 2370 inventam),
486 2289 596 2369 ooliba
616 2288 672 2368 for
688 2289 837 2369 promitio,
860 2292 889 2352 ot
910 2308 947 2351 cu
968 2288 1034 2352 ets
1056 2290 1180 2352 nominc
1202 2289 1249 2352 ilo

164 2394 292 2475 pollata.
335 2394 536 2478 Quamquam
560 2395 640 2458 haec
663 2415 727 2457 non
751 2393 985 2457 intercedemus
1010 2415 1087 2457 sane
1111 2395 1139 2457 si
1163 2394 1236 2477 quis

172 2501 256 2565 unde
279 2501 425 2566 derivare
450 2503 562 2584 malet,
590 2501 679 2565 velut
707 2523 745 2564 ex
769 2500 862 2564 libris
887 2500 926 2562 de
949 2500 1018 2564 vita
1041 2501 1155 2584 populi
1179 2499 1269 2565 Roun

174 2608 302 2672 collatis
326 2607 434 2673 Nonio
458 2631 488 2691 p.
512 2608 575 2671 528
601 2611 633 2671 et
657 2606 768 2671 Servio
793 2607 826 2670 in
849 2607 928 2670 Aen.
952 2605 992 2689 X,
1018 2607 1068 2670 76.

694 2784 716 2884 'a
744 2804 792 2867 ro.

263 2930 290 2992 1.
336 2927 488 3012 Sequitur
516 2931 564 3009 ut,
593 2949 656 3011 quo
685 2928 795 2991 ordine
819 2949 934 2991 novem
958 2949 1039 3010 quas
1062 2928 1248 3011 explorasse

171 3033 282 3098 demur
305 3035 491 3116 disciplinas
507 3033 611 3098 Varro
631 3034 836 3117 disposuerit,
860 3039 1048 3118 quaeratur:
1071 3056 1154 3115 quae
1178 3057 1228 3099 res
1250 3054 1269 3097 1

171 3162 289 3232 paucas
313 3142 413 3204 habet
435 3142 662 3205 dubitationes.
709 3141 756 3204 Ac
785 3141 847 3205 duo
871 3144 959 3204 certa
983 3147 1061 3202 suut
1105 3141 1221 3223 quinto
1243 3144 1253 3203 l

135 3250 348 3310 retractatam
372 3268 442 3310 esse
467 3247 720 3330 arithmeticam,
753 3252 868 3312 octavo
894 3246 1099 3329 medicinam3
1132 3247 1185 3311 vix
1209 3247 1269 3311 mi:

170 3357 293 3416 certum
316 3354 448 3417 tertium
472 3354 542 3436 hoc,
565 3358 602 3417 ut
624 3355 757 3438 primae,
782 3355 948 3436 secundus,
971 3354 1087 3417 tertius
1111 3353 1195 3417 liber
1218 3354 1269 3417 di·

171 3481 241 3523 esse
271 3461 515 3543 grammaticae,
548 3460 750 3543 dialecticae,
783 3460 962 3525 rhetoricae
990 3460 1139 3523 credendi
1163 3460 1241 3524 sint:

171 3589 234 3650 quo
265 3568 376 3631 ordine
404 3567 443 3631 cf.
467 3572 487 3645 ξ
511 3567 541 3631 3.
588 3565 672 3630 Nam
700 3567 784 3649 quod
814 3567 910 3630 Gellii
934 3566 977 3649 X,
1005 3568 1016 3628 1
1054 3567 1088 3630 in
1121 3566 1269 3651 quibusd

170 3674 409 3756 exemplaribus
434 3675 554 3759 legitur
576 3693 614 3737 cc
633 3673 710 3737 libro
724 3673 974 3754 Discrplioarooo
992 3678 1104 3753 orcarlo
1122 3695 1182 3756 pro
1200 3674 1269 3755 queis

171 3779 202 3842 id
232 3803 251 3844 a
279 3780 350 3845 solo
375 3780 541 3865 Stephano
570 3781 732 3845 invectum
757 3803 826 3844 esse
851 3784 963 3844 eontra
987 3781 1111 3844 codices
1137 3802 1213 3844 mss.
1236 3777 1269 3844 G

169 3888 284 3950 novius
307 3891 455 3951 testatur.
493 3886 614 3961 Quodsi
640 3887 679 3950 ad
701 3887 844 3971 reliquas
863 3891 1086 3970 transgressus
1109 3886 1142 3949 id
1167 3907 1255 3971 agas,

188 4127 189 4130 ,
240 4083 266 4148 *)
287 4080 332 4134 Sic
351 4079 520 4134 correximus
538 4080 620 4133 haec:
640 4080 712 4133 rsrrde
730 4085 754 4132 et
769 4079 893 4147 pilumni
911 4082 935 4131 a
949 4079 1076 4146 pistores,
1096 4078 1201 4134 collato
1220 4077 1269 4133 Ser

169 4167 198 4221 iu
218 4169 285 4221 Aen.
306 4169 352 4235 lx,
371 4175 400 4222 4:
431 4169 580 4222 Pilrormos
598 4185 660 4221 vero
675 4170 806 4236 pinsendi
824 4169 957 4232 frarnerrli
975 4169 1067 4234 (usum
1086 4167 1214 4236 invenit),
1243 4184 1261 4220 u

169 4262 193 4309 et
212 4276 230 4310 α
246 4258 398 4324 pistoribus
416 4258 523 4312 colitur.
552 4257 586 4310 at
606 4273 666 4324 rpso
685 4258 766 4310 etlam
780 4258 870 4324 pilum
890 4258 991 4309 ‹u'ccum
1012 4262 1056 4312 cst.
1077 4287 1113 4296 —
1132 4255 1232 4310 Paullo
1249 4272 1269 4309 a

165 4348 297 4414 pinsendi
313 4347 442 4414 praebuit
461 4352 545 4400 ortem
564 4364 579 4399 c
599 4347 677 4400 codd.
692 4345 848 4414 recepimus
867 4361 917 4414 pro
931 4346 1077 4412 pirrscrulla
1093 4344 1219 4414 praefuit
1232 4359 1269 4398 or

171 4435 245 4502 quod
264 4451 281 4488 a
298 4434 407 4503 Popma
424 4435 454 4488 in
472 4434 579 4488 hordeis
597 4435 737 4488 mutatum
756 4435 806 4489 est.
