2888 5040
249 117 314 181 380
665 133 712 179 nn
736 134 770 178 n.
797 131 971 180 vsuaoms

247 278 358 342 secuda
384 277 455 341 siut.
487 276 626 356 ootncptas
649 280 761 354 autern,
786 277 892 357 inquit,
916 276 961 339 oct
983 275 1104 339 utititas
1128 275 1240 339 tatium
1261 275 1438 357 disciprtx.

248 405 364 447 narrem
383 385 417 447 in
430 384 663 465 postprincipiis
681 384 808 466 casistit,
831 404 900 446 cum
913 382 1065 464 perfectae
1082 381 1295 463 absolutaeque
1307 400 1438 463 minz,

249 493 283 554 in
295 491 464 572 principiis
482 510 549 554 aero
572 490 648 570 ipsis
670 490 789 571 ineptae
811 495 839 553 et
860 490 1003 554 insuaves
1024 489 1174 553 uidentur.
1203 487 1273 563 Quo
1287 491 1438 574 ath,

248 597 343 660 modo
354 597 565 681 geometricas
582 599 615 659 et
629 596 780 660 metricas
796 597 939 660 rationes
955 595 1165 678 copulaverit,
1177 617 1243 659 uno
1255 595 1438 678 noussen

250 702 398 787 exemplo
422 703 555 767 docetur
578 703 618 766 ab
644 702 756 766 eodem
775 701 880 766 Gellio
895 701 1015 785 XVIII,
1031 704 1073 768 15
1096 701 1243 786 prodito:
1265 702 1433 782 Mam

249 813 342 875 etiam
371 811 470 877 Varro
498 811 532 873 in
556 810 644 874 tibris
667 808 917 890 Disciplinarum
938 810 1063 890 scripsit
1085 809 1334 874 cananaeae
1395 822 1427 885 i„

247 939 335 981 censu
361 916 547 998 mannatro,
575 918 657 998 qnod
683 916 856 980 onnrntmocto
879 916 1006 997 quintus
1027 917 1157 998 semipes
1178 916 1300 980 onwan
1318 917 1422 996 timi.

247 1029 301 1100 ret,
324 1028 352 1086 et
372 1024 454 1104 quod
469 1023 591 1103 quiores
612 1023 745 1103 quinque
767 1023 930 1103 serreipcdes
952 1043 1046 1104 aeqice
1064 1043 1211 1106 inaquam
1229 1023 1291 1086 vim
1305 1021 1420 1094 tabe

248 1136 315 1194 rent
343 1131 377 1193 in
399 1130 556 1210 efficianto
579 1149 667 1193 omen
689 1134 779 1210 atquo
801 1129 860 1192 atii
876 1131 1060 1211 posteriores
1081 1134 1211 1211 septena:
1238 1130 1324 1210 idque
1365 1136 1417 1216 ip

247 1258 317 1300 scion
335 1239 455 1301 ratione
473 1237 608 1317 quendam
623 1236 848 1317 peoruetrica
865 1237 935 1317 (ieri
952 1237 1082 1300 disserit.
1116 1234 1153 1298 Id
1173 1235 1272 1319 igitur
1284 1241 1414 1307 nescio

248 1367 288 1407 an
318 1344 352 1406 iu
379 1344 452 1426 ipso
482 1342 520 1405 de
549 1342 727 1426 geometria
754 1341 838 1405 libro
866 1341 979 1405 feccrit
1006 1340 1117 1423 potius
1141 1362 1239 1424 quam
1262 1342 1411 1413 cnloco

250 1473 313 1536 quo
337 1450 515 1515 carminum
539 1469 691 1512 numeros
715 1448 824 1512 dedita
848 1470 948 1532 opera
971 1447 1152 1532 explicavit

772 1648 792 1726 s
819 1645 867 1709 14.

335 1771 458 1836 Deinde
491 1776 599 1834 autem
630 1770 700 1834 fieri
731 1792 796 1833 non
824 1769 933 1852 potuit
960 1769 1038 1852 quin
1062 1768 1225 1834 communi
1249 1772 1400 1833 vetemur

247 1878 478 1942 consuetudine
510 1878 610 1940 etiam
640 1877 674 1940 in
704 1875 863 1939 musicis
892 1874 1061 1939 metricam
1090 1879 1195 1938 artem
1217 1873 1399 1938 Varrone«

246 1983 395 2066 tingeret.
445 1982 490 2047 Et
517 1982 630 2066 attigit
658 1982 756 2045 etiam
784 1980 926 2045 Isidorus
954 1979 1004 2044 III
1036 2003 1062 2045 c.
1086 1981 1143 2059 22,
1174 1981 1256 2066 quod
1281 1973 1403 2062 capuit

246 2090 282 2154 dc
305 2089 588 2153 >tremescentem
610 2088 814 2170 inscriptum,
837 2087 888 2150 his
910 2087 1017 2151 verbis
1036 2088 1236 2153 terminavit:
1257 2086 1405 2152 amco·

246 2196 380 2260 innisicac
396 2195 581 2276 perfectione
598 2198 691 2259 citime
710 2199 807 2258 notra
825 2195 993 2259 consistunt
1010 2195 1046 2258 iu
1063 2196 1132 2259 arsi
1149 2199 1179 2258 et
1195 2195 1273 2275 ttnst,
1292 2180 1410 2257 nest

246 2304 409 2368 etcnatione
422 2308 450 2366 et
459 2304 619 2386 positione,
639 2302 710 2367 coII.
725 2323 751 2365 c.
769 2302 818 2383 17,
833 2302 868 2383 23
896 2300 1062 2384 aliquanto
1077 2307 1188 2366 autem
1203 2297 1412 2385 expuat-³⁸

247 2409 431 2475 Marcianus
456 2408 502 2472 IX
530 2432 560 2494 p.
583 2410 647 2474 327
668 2431 736 2492 sqq.
765 2409 1023 2490 detentatoribus,
1045 2409 1189 2490 pedibus,
1216 2387 1415 2489 rhytiuiffss

206 2537 232 2576 ar
243 2517 403 2598 quierntne
426 2517 586 2598 matrisque
608 2516 689 2600 egit,
713 2537 778 2579 non
800 2515 1030 2598 praetermissa
1053 2515 1265 2598 geometricae
1285 2498 1415 2575 aiil·

247 2623 445 2706 meticaeque
470 2622 710 2707 comparatione
734 2620 779 2705 (p.
799 2622 862 2686 327
882 2617 972 2706 ima).
997 2621 1201 2706 Augustinus
1224 2638 1329 2705 quoquc
1404 2620 1414 2662 θ

246 2729 368 2794 musica
402 2731 506 2794 voluit
534 2735 702 2814 poetamm
726 2751 876 2793 numeros
899 2750 998 2793 nexos
1022 2749 1093 2791 esse
1117 2727 1156 2792 de
1179 2727 1243 2791 ord.
1264 2724 1299 2806 11,
1316 2708 1412 2785 40:

245 2859 322 2900 nam
350 2836 383 2900 in
410 2838 489 2920 ipsis
513 2837 654 2902 musicae
679 2836 771 2900 libris
795 2836 843 2900 VI
866 2835 905 2899 ad
931 2834 1084 2900 metricae
1109 2834 1190 2899 artis
1213 2832 1410 2918 penam*

147 3019 151 3025 .
248 2943 370 3007 tionem
403 2967 468 3009 non
501 2945 691 3029 penetravit.
739 2943 841 3019 Quam
873 2946 980 3006 autem
1011 2942 1155 3005 musicae
1182 2939 1407 3026 partItione¹1¹

247 3048 460 3114 Cassiodorus
484 3072 509 3115 c.
535 3052 556 3115 5
579 3057 612 3116 ct
636 3050 781 3115 Isidorus
798 3049 857 3134 111,
878 3051 916 3114 17
943 3046 1040 3135 (alios
1064 3048 1169 3113 sciens
1194 3045 1291 3131 taceo)
1304 3048 1407 3126 ριν-4)·

247 3176 397 3238 posuere,
427 3155 483 3219 illa
511 3160 548 3220 ut
575 3157 680 3222 tribus
703 3157 852 3240 partibus
876 3138 1042 3219 constaret
1064 3154 1257 3232 taruennico,
1281 3131 1406 3232 W

246 3262 339 3343 ruico,
367 3264 509 3327 ricetrr'ca:
542 3285 580 3327 ca
607 3265 667 3328 etsi
697 3263 822 3327 videtur
845 3263 950 3347 primo
975 3255 1406 3345 aspectu,umenra1›⁵⁰

245 3391 311 3432 non
343 3371 469 3454 pugnat
501 3392 572 3435 cum
596 3369 754 3433 Varronis
783 3369 840 3432 illa
869 3368 1040 3452 divisione,
1073 3390 1138 3452 qua
1166 3367 1288 3432 easdem
1309 3360 1415 3425 03⁵⁶-

247 3480 357 3559 partes
382 3481 549 3556 κανονικῆ(
573 3476 698 3541 statuit.
744 3474 830 3540 Nam
853 3474 933 3538 haec
952 3474 980 3538 si
998 3475 1185 3539 necessario
1202 3451 1410 3559 pugnemflir

245 3581 387 3646 indidem
416 3584 514 3647 ctiam
543 3583 622 3647 illud
646 3589 910 3666 consequeretur,
940 3584 1047 3667 ipsam
1071 3583 1228 3648 musicam
1248 3602 1305 3646 non
1323 3576 1412 3661 pi*

246 3689 399 3753 culiarem
419 3688 673 3772 Disciplinarum
696 3690 815 3754 librum
839 3710 1022 3773 occupasse,
1046 3690 1102 3753 sed
1129 3693 1296 3755 tractatam
1310 3676 1416 3779 035⁰

246 3796 280 3861 in
312 3796 504 3881 geometria,
533 3797 622 3860 cuius
653 3818 728 3880 pars
753 3801 802 3860 est
825 3799 984 3876 κανονική.
1030 3794 1133 3880 Atqui
1156 3798 1192 3861 in
1215 3780 1422 3882 gevattet

245 3907 496 3968 consentaneum
520 3906 570 3966 est
593 3923 694 3988 genus
713 3903 899 3967 universum
918 3902 1086 3966 definitum
1105 3924 1185 3981 esse,
1208 3884 1430 3966 enatorum

246 4014 354 4074 autem
388 4031 404 4072 e
435 4009 654 4092 compluribus
687 4009 754 4074 eins
782 4009 910 4093 generis
937 4007 1052 4072 formis
1081 4031 1154 4073 eam
1177 4012 1299 4073 tantum
1318 3990 1437 4066 fo*

245 4138 331 4180 mam
356 4115 423 4179 sive
447 4115 597 4199 speciem,
620 4138 717 4200 qnam
741 4117 872 4200 proprio
892 4115 1021 4180 nomine
1041 4115 1161 4180 dictam
1180 4089 1438 4202 gamund*

245 4222 494 4306 interpretamur
522 4226 676 4288 consueta
703 4222 861 4308 hodieque
889 4223 1036 4289 notione:
1069 4223 1184 4289 eadem
1207 4229 1310 4289 autem
1329 4226 1383 4284 Γ
1392 4203 1438 4251 ⁹
