2888 5040
504 125 786 174 conuaurunrvs
1150 107 1216 171 225

79 266 252 345 particulae
274 270 373 334 semel
396 269 543 334 iunctum
567 268 596 332 d.
619 268 703 352 Aug,
725 269 769 331 42
792 268 936 348 preeuntis
957 267 1128 331 destinaret
1150 288 1216 331 non

79 367 216 439 debebat
237 397 309 440 cum
333 375 406 439 aliis
429 374 673 457 Oudendorpius
697 374 873 438 defendere.

162 547 241 632 Peg.
263 550 331 623 205,
356 549 389 613 13
402 566 470 629 sqq.
494 549 619 632 positos
637 547 767 613 Porcii
785 546 912 612 Licini
937 550 1138 630 septenarios
1157 551 1218 612 etsi

74 649 188 736 aliqua
208 679 246 720 ex
268 661 363 740 parte
388 656 466 721 olim
490 656 629 720 tractavi
652 654 754 719 Musei
779 655 929 718 Rhenaui
952 662 975 718 t.
990 674 1015 720 11
1038 678 1068 739 p.
1093 656 1156 719 648
1173 678 1218 739 sq.

72 756 116 818 rel
154 758 324 847 Parergon
357 761 581 826 Plautinorum
614 768 673 826 t.1
705 783 735 844 p.
760 761 823 825 637
841 783 895 845 sq,
928 766 1038 825 tamen
1070 784 1136 824 non
1170 767 1220 825 est

69 860 196 932 mirum
213 890 316 933 novae
330 867 401 931 viae
420 866 533 930 ducem
552 870 693 930 veterem
713 866 856 930 codicem
870 865 1053 929 Parisinum
1073 866 1219 929 extitisse

67 968 139 1031 lum
173 994 289 1056 parum
317 972 492 1057 cognitum.
538 969 638 1035 Cuius
661 971 766 1035 virtus
789 971 824 1035 in
847 972 961 1054 primis
986 973 1097 1035 statim
1121 973 1219 1035 versi-

62 1070 156 1155 culis
186 1080 340 1161 enitescit,
362 1100 441 1160 quos
461 1078 517 1141 ille
535 1077 618 1142 tales
637 1077 779 1142 exhibet:
802 1079 877 1140 diem
892 1078 1053 1142 lasciuiam
1069 1079 1219 1143 mobilium
1233 1100 1273 1137 uu

65 1176 91 1233 tl
117 1178 378 1265 muretenses
394 1184 485 1264 petit,
514 1183 589 1246 dum
611 1183 750 1263 africani
772 1203 875 1247 uocem
897 1184 971 1247 dum
993 1189 1023 1247 et
1044 1184 1171 1248 inlusi-us
1193 1190 1221 1247 ct

61 1282 181 1353 vuidis
211 1290 353 1368 arentur,
384 1290 459 1354 dam
490 1290 534 1353 ml
564 1291 659 1370 fisum
691 1289 826 1373 [finnus]
858 1310 890 1353 se
916 1295 1035 1353 uenture
1062 1296 1090 1353 et
1116 1291 1220 1354 lotium

59 1386 236 1460 uectum
253 1379 356 1477 putot.
392 1393 457 1460 Vbi
483 1418 635 1460 numeros
654 1396 855 1460 duriusculos
877 1398 1000 1476 fucosae
1018 1397 1122 1460 laudes
1137 1398 1221 1478 petit,

61 1508 154 1569 (1⁰0⁸
181 1502 291 1566 subtili
314 1500 441 1565 aurium
464 1501 582 1566 iudicio
606 1501 640 1565 F.
664 1501 703 1566 Α.
729 1501 867 1567 Wolfius
890 1502 1094 1585 repudiabat,
1122 1502 1220 1565 ceteri

59 1591 150 1665 libri
184 1630 293 1672 omues
323 1611 458 1671 tuentur
485 1630 551 1672 non
582 1609 689 1672 minus
720 1608 836 1673 vitiose
863 1630 960 1692 quam
988 1609 1022 1671 in
1046 1609 1108 1670 fine
1131 1607 1219 1670 tertii

60 1716 189 1776 versus
205 1718 298 1796 putat
313 1713 490 1798 pulchrum,
513 1736 607 1798 quem
631 1694 972 1779 ordinemfflrbornrn
995 1714 1117 1797 primus
1140 1715 1221 1777 Asu-

60 1799 169 1878 lflnus
193 1819 384 1884 emendabat
406 1819 440 1883 in
464 1820 609 1904 exemplo
634 1819 763 1884 Aldiuo.

169 1939 250 2005 Item
273 1963 370 2005 versu
393 1942 541 2023 proximo
566 1943 714 2026 quamvis
733 1948 925 2026 portentosa
944 1944 1128 2027 corruptela
1150 1944 1221 2006 uoce

61 2029 151 2103 ‘lum
175 2049 203 2109 et
223 2044 352 2110 introires
375 2051 403 2110 et
429 2048 586 2129 scriptum
610 2050 653 2113 sit
675 2071 735 2132 pro
759 2071 797 2112 eo
821 2051 907 2133 quod
930 2051 1028 2115 ceteri
1052 2053 1222 2112 servarunt

59 2152 145 2206 “⁰oe
168 2151 278 2214 diuino
299 2151 416 2234 inlr-iat,
448 2157 557 2217 tamen
589 2155 640 2219 vel
671 2153 724 2218 hic
754 2156 930 2239 vestigium
960 2157 1027 2219 veri
1055 2156 1089 2217 in
1119 2175 1221 2218 uoeem

61 2248 239 2335 *criptura
260 2254 412 2320 relictum
435 2262 499 2322 est:
528 2259 657 2343 quando
682 2261 883 2325 accusativos
906 2262 1026 2344 requiri
1049 2282 1152 2325 procem
1175 2262 1221 2324 di·

60 2350 187 2425 ninam
214 2363 280 2426 ism
308 2360 457 2427 Muretus
486 2365 659 2447 perspexit.
709 2363 759 2428 Ne
788 2367 860 2448 quis
891 2368 976 2431 euim
1004 2368 1089 2430 ποσοί
1117 2368 1223 2430 ctissime

62 2448 99 2518 ¹¹⁴
117 2481 149 2526 θ.
174 2469 238 2532 uoci
259 2469 388 2532 diuinae
410 2472 529 2552 potius,
552 2470 638 2553 quod
661 2470 823 2553 probabat
848 2471 961 2535 Daniel
982 2471 1146 2552 Heinsius,
1169 2471 1220 2534 de-

63 2554 222 2636 litescere
244 2574 279 2638 in
301 2575 374 2638 uoci
392 2575 466 2637 (lum
489 2580 517 2638 et
539 2576 730 2658 suspicetur,
753 2577 968 2658 reputandum
993 2581 1042 2639 est
1065 2579 1220 2659 posterio-

67 2663 172 2738 ribus
197 2678 321 2744 demum
350 2681 578 2764 scriptoribus,
607 2681 711 2762 poetis
735 2682 956 2764 potissimum,
984 2682 1128 2745 dativum
1152 2684 1219 2766 pla-

71 2776 199 2864 cuisse,
227 2785 331 2868 ipsum
356 2787 577 2850 accusativum
600 2786 662 2850 hoc
686 2786 813 2869 quidem
837 2787 1010 2869 appetendi
1036 2789 1220 2872 significatu

73 2884 275 2969 antiquiores
305 2892 474 2975 probasse,
508 2890 596 2954 velut
625 2913 698 2955 cum
727 2891 921 2955 hereditatem
953 2895 1001 2956 vel
1029 2917 1143 2959 (serrum
1171 2897 1221 2986 vel

80 2981 302 3061 homimines
324 2997 459 3060 Plautus
483 2996 565 3060 dixit
588 2995 687 3061 Stich.
708 2999 782 3062 605.
811 2999 1050 3082 Aul.11,2,ll.
1075 3004 1125 3067 89.
1154 3002 1222 3066 Mil.

85 3087 158 3156 '315
182 3094 292 3186 (1199).
315 3101 408 3165 Truc.
433 3119 468 3184 11,
491 3102 521 3183 3,
548 3103 597 3185 18,
620 3110 747 3168 mortem
771 3105 904 3169 alicuius
930 3105 1088 3171 Caecilius
1113 3131 1141 3171 v.
1159 3109 1220 3171 147

93 3191 201 3266 Ribb:
231 3229 302 3271 nam
328 3207 470 3272 redemtus
499 3209 616 3290 luptatis
643 3210 815 3274 initiantem
842 3211 1011 3276 Romulum
1041 3236 1113 3276 cum
1144 3214 1222 3277 dicit

10 3384 12 3392 γ
98 3296 205 3371 (licere
223 3311 252 3375 iu
272 3311 440 3396 Catilrrl,
463 3315 493 3398 8,
520 3316 568 3397 19,
591 3317 723 3399 propria
746 3318 837 3381 verbi
860 3320 952 3383 notio
977 3323 1106 3383 servula
1129 3323 1186 3382 est.

187 3427 354 3519 Insequenti
387 3459 482 3502 versu
516 3462 588 3502 cum
619 3462 636 3502 e
666 3441 867 3505 noviciorum
895 3439 1040 3506 codicum
1068 3442 1223 3506 memoria

114 3525 177 3592 dam
197 3539 229 3600 ad
249 3542 366 3618 tumeam
394 3562 426 3605 se
452 3545 601 3607 coenitare
624 3544 812 3625 (coeiuitore,
835 3548 1025 3629 eorumdum),
1054 3568 1222 3610 mensurae

120 3632 151 3690 ut
168 3646 333 3728 consuleret,
362 3648 436 3711 dum
463 3669 495 3712 se
522 3650 565 3713 ad
585 3650 722 3713 Furium
745 3672 869 3715 coenare
893 3653 1032 3717 Wolfius
1056 3653 1223 3733 effecisset,

126 3735 151 3844 tl
164 3745 255 3816 proditi
271 3754 442 3818 verborum
462 3755 585 3818 ordinis
605 3761 637 3818 et
656 3756 779 3819 formae
796 3757 1051 3840 frequentativae
1067 3758 1222 3821 tutandae

20 3883 22 3887 ·
129 3851 191 3953 llam
206 3867 314 3922 rursum
337 3861 425 3925 solus
450 3860 616 3924 Parisinus
640 3864 847 3926 monstravit:
881 3864 914 3926 in
943 3863 1033 3926 cuius
1062 3863 1223 3946 scriptura

14 3986 21 4021 ·,
133 3936 175 4010 lm
190 3949 279 4026 [immo
300 3966 366 4045 tari
386 3964 420 4030 Ο.
436 3965 500 4046 W.]
524 3989 590 4031 nou
609 3968 743 4031 Furium
767 3969 877 4051 latere,
901 3969 986 4053 quod
1010 3991 1047 4031 ex
1071 3968 1222 4033 inferiore

15 4062 32 4088 ⁶
135 4058 199 4113 “llll
222 4081 246 4142 p.
269 4067 344 4149 206,
375 4070 395 4133 8
426 4069 489 4135 huc
520 4071 678 4135 adscitum
709 4079 770 4154 est,
798 4073 853 4136 sed
884 4075 986 4156 ipsius
1016 4073 1105 4137 Furii
1135 4075 1222 4138 illius

161 4169 266 4233 tflfflten
286 4173 412 4238 Putem
434 4175 521 4239 felici
545 4178 690 4241 acumine
713 4178 853 4242 Rothius
879 4180 1050 4243 adsecutus
1074 4185 1132 4243 est.

171 4269 199 4309 ’ἱ
210 4281 336 4330 rrrmurnrr
352 4297 485 4333 orvscvns
500 4299 541 4333 111.
607 4326 612 4341 ‚
978 4288 1009 4334 15
