2924 5046
607 354 890 404 conunurnmvs.
1068 385 1074 396 .
1253 337 1319 402 273

114 501 344 595 ‚auderet
364 497 447 562 nihil
466 497 612 581 profecto
631 497 756 582 gratiae
775 497 858 560 tales
879 495 989 580 quales
1007 515 1111 577 nuper
1128 495 1321 578 placuerunt

115 634 195 698 poma
234 595 416 669 habent
448 603 571 685 Po‘plid'
604 605 697 669 dotat
724 604 872 686 pellibus.
927 600 1101 696 Praeterea
1130 622 1226 665 nemo
1258 600 1322 664 fuit

131 729 199 815 qum
224 721 355 774 Qum
383 711 418 774 in
445 709 508 774 hoc
536 731 632 773 versu
660 714 729 773 tum
759 711 792 772 in
815 709 921 791 primo
945 711 1003 771 aut
1025 706 1170 771 addendo
1184 705 1252 771 'aut
1273 728 1320 769 re·

145 805 312 897 petendo
344 821 398 880 aut
426 816 668 899 transponendo
692 817 772 878 fines
797 813 974 879 modestiae
997 812 1149 877 licentius
1172 813 1322 897 migrarit

159 934 336 997 tutoque
358 923 516 987 librorum
538 921 637 986 nimis
661 942 779 1006 magno
803 918 974 984 intervallo
998 919 1174 1002 reliquerit.
1219 919 1320 983 Porro

174 1037 278 1101 auum,
318 1028 506 1093 Terentium
529 1051 600 1093 esse
623 1027 663 1092 ad
687 1049 782 1111 quem
805 1025 840 1089 hi
860 1046 969 1090 versus
989 1026 1144 1107 spectent,
1167 1046 1230 1108 quo
1249 1029 1320 1089 tan·

189 1134 245 1193 len
260 1123 391 1199 ¹mdieio
414 1134 561 1217 intellegi
589 1133 698 1198 dices?
731 1131 815 1215 quod
843 1132 960 1196 merito
989 1132 1152 1195 offendens
1177 1131 1321 1216 Scaliger

198 1253 254 1294 eun
271 1245 390 1315 poetae
417 1262 537 1305 nomen
565 1240 611 1304 sio
639 1226 784 1303 interiet:
817 1237 889 1301 Hae
916 1238 998 1318 qecue'
1020 1242 1172 1301 uocantur
1196 1239 1322 1318 sdbrrloe

210 1333 328 1429 Terentii,
359 1369 377 1411 e
409 1347 558 1411 conflatis
592 1346 712 1410 terentii
744 1349 777 1409 et
801 1344 942 1426 pentibus
968 1343 1102 1409 vocibus
1133 1348 1320 1427 portentum

207 1442 354 1525 scripturee
372 1453 592 1518 reconsecratus
610 1454 767 1536 repetens,
790 1450 913 1534 aliquid
932 1450 1022 1533 vidit,
1044 1471 1113 1513 rem
1131 1451 1235 1535 ipsam
1253 1475 1320 1518 non

203 1550 327 1622 pervidit,
370 1556 440 1624 Nee
464 1581 537 1624 cum
559 1559 704 1642 perbona
726 1558 911 1623 coniectura
932 1556 1114 1622 Fridericus
1135 1557 1319 1625 Windiseh·

197 1663 315 1729 mannus
337 1666 370 1730 in
393 1665 557 1731 Welckeri
580 1664 762 1749 Naekiique
784 1663 897 1730 Museo
920 1664 1022 1729 Rhcn.
1045 1683 1058 1729 1
1090 1687 1121 1748 p.
1146 1666 1208 1731 113
1232 1666 1318 1751 prin·

185 1751 300 1864 ‚⁰¹⁸le
321 1794 432 1837 versus
455 1772 552 1857 primi
576 1773 623 1837 sic
647 1771 788 1836 sanarit:
814 1771 914 1836 Tuae
936 1791 1014 1852 quoe
1035 1776 1188 1835 uocantur
1210 1794 1235 1837 e.
1247 1796 1276 1858 q.
1286 1796 1319 1856 o,
1364 1757 1368 1763 ¹

181 1854 257 1935 'llud
282 1878 393 1961 effecit,
415 1877 520 1961 ipsius
543 1882 580 1942 ut
603 1877 873 1962 significationem
896 1881 1012 1961 poetae
1035 1898 1076 1942 ne
1094 1877 1319 1946 desideremus.
1334 1896 1373 1936 ⁵³³

171 1960 217 2032 El
240 1982 351 2049 tamen
374 1984 415 2048 ab
439 1984 499 2048 illa
521 1983 745 2049 emendatione
768 1981 933 2066 perfacilis
957 1982 997 2046 ad
1019 1982 1191 2048 veritatem
1214 1985 1320 2050 aditus

167 2085 251 2149 erat
299 2090 384 2156 Nam
406 2090 490 2155 nihil
513 2112 590 2155 sane
614 2089 702 2155 aliud
728 2090 765 2153 in
787 2092 932 2154 monstro
957 2089 1135 2173 scripturae
1158 2092 1321 2156 retentrlms

162 2174 263 2264 (hinc
292 2198 377 2261 enim
405 2195 685 2280 proficiscendum,
716 2217 782 2261 non
811 2219 830 2260 a
858 2195 1057 2260 noviciorum
1085 2197 1231 2263 codicum
1255 2220 1319 2262 me-

162 2300 280 2368 moria
309 2301 543 2388 recensentctns)
575 2303 640 2368 nisi
664 2302 808 2367 Terentii
840 2323 959 2367 nomen
989 2300 1132 2367 delituit:
1164 2303 1199 2368 id
1234 2304 1319 2389 quod

160 2394 232 2469 ianr
266 2410 296 2475 is
324 2411 473 2495 quisquis
499 2410 562 2476 fuit
590 2409 706 2491 sensit,
739 2410 828 2474 cuius
857 2430 955 2474 manu
978 2409 1099 2474 recenti
1121 2409 1320 2494 adscriptum

162 2510 216 2571 fflt
240 2513 282 2581 in
300 2516 446 2602 margine
465 2516 605 2580 Parisini
624 2517 775 2580 terentina.
811 2512 885 2579 Nisi
905 2514 988 2599 quod
1007 2513 1088 2578 illud
1107 2536 1172 2580 non
1191 2538 1209 2580 e
1227 2539 1320 2581 versu

163 2613 281 2693 Primo
303 2621 365 2687 huc
389 2627 440 2687 est
463 2622 573 2707 aliquo
592 2643 669 2687 casu
687 2621 842 2705 delatum,
864 2642 945 2706 quae
965 2619 1122 2704 Scaligeri
1141 2643 1232 2686 mens
1250 2622 1320 2706 fuit,

167 2719 226 2783 sed
257 2728 367 2793 sedem
396 2751 488 2793 suam
517 2728 551 2791 in
574 2728 706 2793 alterius
730 2729 891 2812 principio
915 2728 1105 2810 occupabat.
1150 2725 1202 2793 Sic
1226 2729 1320 2812 enim,

170 2823 237 2890 nisi
263 2836 373 2900 omnia
394 2834 528 2918 fallunt,
557 2835 737 2919 antiquitus
767 2835 923 2918 seriptum
947 2832 1027 2897 fuit:
1061 2833 1147 2898 Tuae
1168 2855 1246 2915 qccoe
1266 2857 1320 2900 uo

174 2941 289 3003 mutter
307 2943 446 3025 fetulae,
468 2943 593 3006 coicere
614 2946 694 3024 stent,
712 2941 723 3025 ΙΙ
742 2940 888 3005 Terenti?
919 2959 982 3004 oon
1004 2939 1075 3023 las,
1097 2941 1171 3005 iuro
1192 2944 1247 3025 qui
1263 2964 1320 3024 po

175 3038 262 3115 puetis
287 3049 390 3132 dotat,
421 3070 447 3113 e.
471 3070 501 3132 q.
525 3070 549 3112 s.
594 3046 689 3111 Nihil
716 3048 751 3112 in
779 3048 841 3111 hoe
869 3047 1017 3130 exemplo
1045 3047 1132 3112 ultra
1160 3052 1320 3114 mutatum

181 3153 307 3220 praeter
334 3154 449 3237 libros,
481 3154 547 3218 nisi
579 3153 665 3236 quod
697 3153 938 3217 modestissima
970 3152 1106 3217 duarum
1137 3154 1320 3221 litteramm

185 3259 358 3325 accessione
381 3260 506 3324 euroeae
528 3279 601 3323 eum
619 3257 740 3323 Bothio
763 3258 886 3323 laetum
905 3264 954 3324 est
972 3282 989 3324 e
1008 3261 1103 3344 erae,
1125 3262 1319 3327 modestiore

188 3356 321 3430 profecto
342 3387 441 3453 quam
465 3387 529 3450 qua
551 3365 602 3429 vel
625 3366 713 3430 cuius
734 3370 808 3430 seint
829 3368 898 3431 cedo
916 3366 1073 3432 Erasmus
1093 3368 1250 3434 suadebat
1268 3369 1319 3434 vel

190 3449 240 3519 ‘3²⁵⁰
259 3472 326 3536 alid
339 3477 414 3538 sunt
436 3471 694 3556 Oudendorpius:
717 3476 885 3556 praeterea
908 3474 1006 3559 longe
1030 3475 1197 3539 lenissima
1215 3479 1319 3540 trane

193 3571 336 3644 positione
364 3581 439 3644 iuro
460 3579 515 3660 qui
541 3579 721 3662 repositum
749 3602 809 3664 pro
837 3582 891 3661 qui
918 3583 1000 3645 iuro.
1025 3617 1067 3626 -
1092 3580 1138 3644 At
1159 3580 1207 3644 ita
1229 3582 1320 3644 nulla

195 3661 233 3729 fil
249 3675 394 3768 Scipionis
407 3687 550 3769 mentio,
573 3708 593 3750 a
617 3707 679 3769 quo
702 3685 807 3751 factas
829 3686 957 3752 fabulas
981 3686 1118 3750 edidisse
1133 3686 1319 3750 Terentium

198 3767 249 3842 hle
265 3795 349 3871 poeta
370 3795 512 3858 testatus
536 3795 606 3856 erat
628 3796 758 3857 auctore
778 3792 915 3858 Donato.
952 3791 1106 3857 Fatemur
1127 3815 1194 3857 non
1217 3794 1318 3856 nomi·

201 3890 271 3956 nari:
286 3919 348 3964 non
365 3898 513 3983 potuisse
532 3897 680 3982 intellegi
698 3918 864 3982 negamus.
897 3898 949 3962 An
966 3898 1127 3963 nominari
1147 3897 1319 3963 contendes

205 3983 231 4050 ”l
251 3994 436 4089 &aligerum
468 4003 571 4068 secuti
602 4002 729 4068 Poblius
761 4005 999 4088 amplectamur
1031 4027 1090 4087 pro
1117 4005 1255 4086 perndie,
1286 4005 1320 4068 in

207 4092 276 4171 fiola
290 4109 419 4196 quidem
432 4107 622 4174 Publiorum
639 4109 844 4193 frequentia?
881 4109 1124 4175 Recordandum
1145 4114 1194 4175 est
1213 4114 1320 4174 autern

209 4199 266 4278 ltus
283 4239 350 4283 esse
373 4215 507 4282 omnino
531 4237 551 4279 a
574 4215 691 4300 quibus
714 4216 860 4280 adiutum
883 4217 917 4281 in
940 4217 1109 4281 scribendo
1133 4217 1319 4281 Terentium

208 4308 421 4408 miserebat,
443 4319 480 4388 0.
493 4320 641 4387 Laelium
664 4325 698 4386 et
719 4321 753 4387 P.
768 4321 966 4407 Scipionem:
990 4346 1007 4388 e
1031 4324 1148 4408 quibus
1172 4345 1245 4387 cum
1263 4323 1319 4386 ille

202 4417 255 4491 lura
275 4430 403 4517 populis
429 4428 525 4495 nulla
544 4428 621 4495 ullis
643 4426 800 4515 dedisset,
824 4427 909 4495 nihil
929 4429 1080 4496 relictum
1104 4432 1175 4495 erat
1195 4429 1259 4495 nisi
1282 4433 1320 4494 ut

237 4548 616 4591 mmmmm-¹¹
1072 4536 1108 4584 18
