2924 5046
392 342 435 388 zu
459 324 687 389 1111111111
711 341 1032 390 11111111111111.
1237 323 1279 387 ‘19

131 482 374 568 gldclrlicherer
397 483 529 569 Lbsung
556 484 739 569 signalisirt
763 484 899 550 werden.
944 482 1020 549 Und
1049 482 1090 547 da
1117 503 1151 546 es
1174 481 1282 547 inson-

130 589 264 654 derbeit
286 590 493 676 Leipziger
516 590 879 676 Galehrtengeschichte
903 592 955 670 ist,
979 591 1030 654 die
1053 589 1124 654 hier
1148 592 1282 655 wesent

130 695 201 760 lich
230 697 291 762 mit
317 697 352 761 in
380 695 538 762 Batracht
564 698 704 781 kbmmt,
736 720 772 763 so
804 718 880 782 mag
908 719 983 762 man
1007 697 1044 779 ja
1067 696 1154 761 wohl
1178 697 1283 761 einem

132 801 306 888 Leipziger
329 803 499 868 Professor
527 804 620 869 1111111
648 804 833 889 derartigen
856 805 979 869 Excurs
1007 804 1090 869 eben
1118 827 1154 870 1ο
1184 803 1283 869 nach·

132 909 258 993 sichtig
277 932 316 973 11
336 912 414 993 gute
432 909 555 995 1111111,
569 911 630 975 wie
649 911 816 997 specifisch
834 910 1133 997 bibliographische
1149 911 1284 977 Studien

132 1015 211 1080 dem
235 1016 445 1101 ehemaligen,
467 1019 679 1104 vieljiihrigen
702 1018 937 1085 Bibliothelrar.

226 1123 273 1188 Es
304 1123 440 1188 handelt
471 1125 542 1191 sich
573 1149 627 1191 urn
660 1127 753 1191 einen
784 1127 820 1191 in
851 1128 908 1192 der
939 1126 1119 1213 gedachten
1148 1127 1283 1192 aweiten

134 1227 332 1315 Sammlung
360 1253 392 1314 p.
414 1231 600 1296 303-305
628 1233 825 1317 gedruckten
853 1234 955 1319 Brief,
988 1235 1049 1300 den
1078 1233 1283 1300 Camerarius

134 1333 314 1400 ‘Cunalss
329 1336 421 1403 VIRO
439 1336 478 1403 D.
492 1337 585 1405 Vr'ro
601 1339 776 1405 Werlero
799 1340 943 1408 Franco’
968 1342 1105 1425 sobrieb,
1128 1341 1184 1406 der
1203 1342 1282 1406 aber

132 1441 239 1505 leider
268 1440 352 1507 ohne
383 1443 464 1508 alles
494 1441 616 1509 Datum
647 1445 699 1510 ist
753 1446 909 1512 Derselbc
941 1449 1046 1512 lautet
1077 1448 1163 1513 111111
1190 1449 1283 1531 jener

133 1547 364 1615 Ueberschrift
386 1550 588 1636 vollstandig
611 1552 672 1616 wie
695 1552 791 1638 folgt:

271 1760 321 1829 us.
334 1762 375 1828 D.
389 1763 510 1849 Magno
529 1786 581 1829 me
600 1765 720 1850 gaudio
739 1767 915 1832 affecerunt
932 1768 1046 1833 literae
1064 1769 1149 1850 tuae,
1173 1767 1283 1831 simul-

182 1890 244 1953 que
266 1870 431 1936 tabellarii
454 1872 571 1954 oratio,
594 1871 649 1956 qui
673 1872 712 1937 de
735 1876 769 1937 te
787 1872 868 1937 mihi
886 1875 1092 1956 percontanti
1111 1872 1284 1957 diligenter

183 1975 224 2039 ad
247 1998 286 2042 ea
306 1978 489 2063 respondit,
518 2001 600 2062 quae
629 1979 778 2044 volebam
802 1981 950 2044 maxime.
995 1978 1068 2064 Ego
1092 1979 1221 2066 quidem
1245 1980 1284 2044 dc

181 2087 215 2147 te
247 2088 280 2147 et
311 2106 408 2169 saepe
442 2085 584 2169 cogitare
618 2089 652 2149 et
679 2086 819 2150 multum
846 2085 935 2169 loqui
965 2086 1063 2152 soleo.
1119 2085 1283 2152 Recordor

183 2191 268 2255 enim
291 2196 325 2257 et
348 2191 513 2258 doctrinae
536 2196 625 2276 tuae,
648 2215 730 2277 quae
753 2192 834 2257 mibi
858 2193 1020 2276 quondam
1044 2214 1158 2277 puero,
1181 2197 1214 2256 et
1236 2192 1282 2255 in-

181 2298 325 2363 numeris
349 2299 422 2363 aliis
440 2301 574 2384 profuit,
597 2304 631 2365 et
644 2300 794 2386 intelligo
810 2322 906 2385 quam
921 2321 1054 2383 operam
1069 2300 1164 2365 bonis
1179 2299 1282 2362 literis

182 2409 279 2488 atque
308 2405 435 2470 artibus
462 2406 528 2472 illis
551 2409 752 2493 temporibus
775 2407 957 2472 nauaueris.
1003 2406 1157 2472 Laetatus
1182 2406 1283 2490 igitur

181 2533 267 2594 sum,
295 2498 411 2578 nuntio
438 2515 580 2599 primum
608 2515 801 2580 valetudinis
829 2519 920 2600 tuae,
948 2512 1063 2578 deinde
1086 2514 1185 2578 etiam
1209 2534 1280 2597 pro-

181 2641 295 2702 sperae
314 2620 473 2704 fortunae,
493 2625 526 2684 et
548 2621 612 2686 fuit
629 2622 715 2685 inter
732 2621 813 2686 haec
833 2620 913 2686 mihi
932 2621 1172 2704 periucundum,
1195 2619 1283 2704 quod

180 2730 213 2788 te
236 2727 380 2791 ricinum
404 2748 474 2791 esse
495 2727 590 2792 nobis
614 2728 855 2794 intellexissem.
893 2726 1072 2812 Sperabam
1092 2727 1177 2790 enim
1200 2727 1282 2791 futu-

181 2854 254 2896 rum
273 2834 458 2920 aliquando,
477 2837 640 2899 uteorum
660 2834 801 2918 colloqui
821 2834 922 2898 etiam
941 2832 1178 2915 concederetur,
1196 2831 1283 2916 quod

182 2941 310 3025 quidem
334 2945 420 3005 11111
443 2941 609 3025 eiusmodi,
632 2944 668 3004 ut
690 2945 766 3006 tuae
790 2941 989 3006 humanitati
1012 2940 1104 3024 nihil,
1127 2940 1207 3005 mihi
1227 2960 1281 3004 vo-

179 3047 340 3130 luptatem
359 3046 489 3110 afferret
507 3069 675 3133 summam.
711 3047 808 3113 Nunc
826 3071 903 3113 vero
927 3049 965 3113 de
989 3047 1083 3112 libris
1106 3046 1171 3110 tuis
1194 3045 1281 3130 quod

181 3152 332 3235 requiris,
365 3151 398 3216 id
427 3156 463 3216 ut
490 3152 590 3218 debeo
620 3158 653 3218 et
681 3159 716 3218 tu
745 3155 809 3238 vis,
842 3154 1034 3241 significabo
1057 3154 1128 3220 tibi.
1174 3152 1281 3237 Atque

181 3258 244 3321 feei
267 3257 353 3322 idem
372 3261 448 3322 ante
467 3281 603 3344 quoque,
626 3261 812 3326 meminisse
832 3264 918 3327 anim
936 3263 1056 3341 videor,
1081 3260 1180 3346 longo
1201 3281 1279 3323 sane

182 3364 369 3446 interuallo,
402 3364 507 3430 adhuc
535 3367 664 3432 uiuente
696 3370 799 3433 amico
827 3373 940 3434 nostro
964 3373 1029 3453 opt
1054 3372 1087 3431 et
1108 3366 1280 3430 honestiss.

183 3472 254 3537 viro
272 3466 422 3537 ¹Iohanne
447 3451 585 3557 S'ailero,
600 3473 723 3539 'literas
748 3497 798 3539 me
822 3475 860 3540 ad
884 3478 917 3541 11
941 3475 1079 3557 dedisse,
1107 3472 1224 3556 quibus
1248 3475 1280 3534 te

184 3577 348 3641 redderem
378 3579 563 3664 certiorem,
592 3580 630 3644 de
661 3585 718 3645 tua
746 3581 944 3647 bibliotheca
971 3581 1087 3646 relicta
1114 3579 1148 3642 11
1175 3577 1282 3660 patria

186 3707 269 3768 mea,
302 3684 459 3749 1111111111
491 3708 542 3749 me
568 3676 780 3750 ¹Plautianum
812 3688 870 3766 [so]
902 3684 1069 3768 (lodicem,
1101 3683 1281 3767 scripturae

185 3790 311 3876 veteris,
334 3791 373 3856 de
397 3813 461 3875 quo
486 3790 566 3855 mihi
590 3790 725 3874 Apellus
749 3791 885 3856 suanias.
909 3794 1075 3874 compater
1098 3811 1201 3872 meus,
1225 3789 1281 3873 qui

185 3921 283 3983 nuper
311 3901 361 3963 est
389 3919 462 3963 cum
489 3897 632 3962 ciuitatis
662 3919 739 3961 1111
763 3902 796 3961 11
819 3898 997 3962 amicorum
1021 3919 1146 3961 summo
1170 3896 1281 3961 dolore

188 4011 342 4087 mortuus,
375 4004 508 4068 dixerat.
553 4003 648 4068 Hunc
681 4004 783 4089 igitur
813 4004 933 4069 librum
965 4005 1003 4068 de
1035 4003 1186 4088 plurimis
1216 4003 1281 4067 tuis

190 4113 292 4197 excepi
316 4134 423 4196 vnum,
447 4110 532 4196 quod
556 4110 737 4175 incredibili
761 4109 825 4173 iam
844 4114 956 4175 tamen
977 4113 1030 4194 111,
1044 4111 1280 4190 offenburtum]
1352 4132 1356 4138 ·

191 4219 360 4301 cupiditate
386 4222 528 4303 tenerer,
562 4217 588 4281 si
618 4239 684 4282 non
714 4239 843 4300 possem
874 4217 1046 4281 restituere
1077 4218 1201 4281 auctori
1233 4216 1281 4281 illi

192 4324 358 4403 pristinum
381 4327 529 4410 nitorem,
553 4323 760 4389 manifestam
785 4325 900 4389 saltem
924 4327 957 4387 et
974 4324 1156 4407 pudendam
1179 4324 1282 4388 defor-

194 4429 333 4493 mitatem
352 4430 545 4518 detergendi.
582 4432 620 4497 In
640 4455 702 4518 quo
722 4433 889 4516 proposito
914 4435 1009 4515 atque
1033 4431 1149 4516 studio,
1172 4454 1282 4516 quam·
