2888 5040
405 343 476 389 osa
499 341 658 389 mauras
682 341 822 390 arrosus.
1119 322 1180 387 731

130 505 167 548 ex
200 483 326 568 Africa,
359 507 454 570 quem
488 508 614 550 summo
649 508 807 550 consensu
839 484 1046 569 poposcimus
1069 483 1183 549 'invito
1198 507 1240 548 soe

130 590 259 674 quidem
284 590 421 656 Caesare
445 595 478 657 et
500 593 683 675 resistente,
706 614 771 657 non
794 591 880 676 quod
903 591 965 656 tibi
987 612 1087 675 puero
1105 590 1185 654 invi-

131 696 231 781 deret,
264 699 320 762 sed
351 721 392 763 ne
415 698 528 763 Africa
560 721 712 764 coronam
736 698 846 783 magni
871 696 958 761 Iovis
986 698 1184 781 attingeret?

131 839 172 850 —
202 804 290 880 Quae
323 827 396 869 cum
428 828 479 870 me
511 806 634 870 videret
665 804 843 870 verecrmde
876 808 1120 889 agnoscentem,
1151 805 1185 868 in

132 911 313 994 amplexum
346 913 519 976 effunditur
547 917 593 996 et,
626 935 712 995 ama,
744 911 864 996 inquit,
896 911 998 995 igitur
1025 910 1185 976 fautorem

132 1021 229 1082 tuum.
255 1054 299 1063 —
323 1018 441 1094 Quidni
466 1019 592 1083 amem?
615 1018 719 1083 -Et
742 1041 839 1082 manu
863 1017 1055 1081 alterutrum
1078 1021 1186 1081 tenen-

132 1126 179 1186 tes
208 1124 393 1190 avidissime
416 1129 608 1190 nascentem·
625 1125 802 1191 amicitiam
825 1123 1086 1206 foederabamus,
1114 1147 1186 1189 cum

133 1229 185 1292 ille
211 1230 300 1293 brevi
324 1231 496 1295 intervallo
519 1255 607 1315 usus,
630 1236 663 1296 et
686 1233 763 1317 quid
786 1236 831 1315 tu,
854 1230 968 1315 inquit,
992 1230 1133 1295 tamdiu
1152 1231 1187 1294 in

133 1334 192 1400 hac
219 1337 408 1421 provincia?
445 1360 504 1402 neo
533 1339 566 1401 in
593 1342 738 1402 nostram
762 1337 931 1402 Baeticam
958 1337 1100 1401 excurris
1127 1358 1187 1401 nec

135 1441 244 1506 urbem
272 1443 364 1507 illam
391 1444 518 1527 revisis,
547 1445 601 1508 ubi
631 1467 741 1509 versus
771 1445 818 1509 tui
842 1443 1059 1508 electoribus
1082 1443 1186 1508 conci·

132 1552 252 1611 nuntur
276 1552 309 1613 et
332 1550 365 1614 in
387 1550 459 1615 foro
484 1551 572 1615 ormri
596 1551 794 1615 clarissimus
817 1551 870 1614 ille
894 1551 933 1614 de
952 1550 1056 1615 Dacia
1077 1550 1187 1614 trium-

131 1654 215 1735 phus
245 1656 390 1720 exultat?
429 1661 562 1740 potesne
591 1679 663 1721 curn
690 1656 752 1721 hoc
783 1656 940 1741 singulari
963 1656 1094 1741 ingenio
1118 1661 1187 1720 tan·
1259 1654 1269 1675 ⁸

129 1765 228 1846 taque
247 1768 364 1828 natura
382 1764 612 1847 provincialem
631 1764 791 1828 latebram
810 1764 901 1847 pati?
924 1762 1007 1827 nihil
1021 1766 1054 1826 te
1068 1764 1186 1827 caritas

131 1869 237 1953 urbis,
261 1870 342 1935 nihil
366 1871 420 1934 ille
443 1872 588 1955 gentium
613 1871 746 1953 [victor]
771 1871 923 1954 populus,
950 1869 1032 1935 nihil
1057 1874 1187 1934 senatus

127 1976 263 2040 moret?
287 1976 367 2040 nihil
391 1977 527 2063 denique
550 1978 605 2042 lux
624 1982 657 2043 et
674 1978 783 2063 fulgor
800 1976 904 2041 felicis
923 1977 1059 2061 imperii,
1082 1977 1136 2061 qui
1154 1976 1189 2041 in

128 2105 167 2148 se
200 2083 288 2168 rapit
320 2088 417 2167 atque
451 2085 610 2150 convertit
642 2085 787 2149 omnium
817 2083 927 2148 oculos
955 2082 1123 2147 hominum
1151 2105 1189 2149 ao

128 2191 289 2255 deorum?
309 2227 351 2237 —
371 2192 478 2277 Atque
502 2214 562 2277 ego
584 2193 671 2257 sarie
697 2192 916 2276 perturbatus,
940 2189 1017 2274 quid
1035 2211 1120 2255 nunc
1139 2189 1189 2254 vis

127 2297 194 2362 tibi
222 2297 456 2380 respondeam?
490 2321 508 2362 o
538 2298 683 2381 quisquis
711 2319 759 2380 es,
789 2296 869 2361 mihi
892 2318 1019 2382 quoque
1042 2297 1107 2381 ipsi
1128 2296 1189 2362 hoo
1254 2376 1260 2383 Ι

128 2403 218 2467 idem
252 2403 369 2467 mirum
397 2404 498 2468 videri
526 2404 624 2487 solet,
655 2405 742 2489 quod
769 2426 835 2469 non
861 2404 985 2470 Romae
1012 2425 1126 2468 morer.
1149 2437 1188 2450 -

131 2507 195 2574 Sed
227 2509 310 2573 nihil
344 2513 393 2573 est
425 2510 587 2574 difficilius
620 2506 717 2594 quam
749 2512 911 2575 rationem
943 2510 1075 2574 reddere
1099 2512 1189 2574 actus

130 2617 189 2680 tui.
218 2652 262 2663 -
289 2616 394 2692 Quare
427 2617 536 2681 desine
569 2640 620 2681 me
652 2619 685 2681 in
714 2618 904 2682 memoriam
932 2617 1071 2701 priorem
1100 2616 1190 2680 redu-

135 2724 235 2788 cendo
263 2722 380 2787 vulnus
409 2723 556 2788 dolorum
580 2745 725 2788 meorum
746 2723 937 2788 rescindere.
982 2723 1125 2807 propitia
1148 2723 1191 2788 sit

137 2832 193 2895 illa
221 2831 349 2913 civitas,
382 2835 414 2895 et
441 2832 589 2896 fruantur
616 2831 687 2913 illa,
720 2831 838 2917 quibus
866 2830 997 2895 fortuna
1018 2830 1191 2914 permittit.

137 2938 222 3022 quod
250 2939 291 3002 ad
319 2960 370 3002 me
397 2938 553 3021 pertinet,
581 2960 619 3001 er
642 2938 699 3002 illo
724 2938 789 3022 die,
820 2938 910 3003 cuius
933 2943 969 3002 tu
993 2938 1075 3002 mihi
1098 2937 1190 3003 testis

137 3067 183 3128 es,
212 3048 385 3128 postquam
415 3049 558 3129 ereptam
586 3045 736 3109 manibus
765 3049 798 3109 et
821 3044 920 3129 capiti
942 3066 1095 3109 eoronam
1119 3066 1191 3110 meo

139 3150 213 3235 vidi,
236 3155 307 3216 tota
326 3174 426 3234 mens,
450 3155 538 3216 totus
564 3152 690 3216 animus
713 3151 829 3215 resiliit
849 3154 944 3235 atque
964 3150 1132 3215 abhorruit
1150 3151 1191 3216 ab

139 3257 196 3322 illa
218 3259 358 3342 civitate,
382 3259 525 3343 adeoque
549 3281 620 3321 sum
643 3280 814 3341 percussus
838 3261 871 3322 et
889 3261 1114 3323 consternatus
1132 3257 1191 3322 illo

139 3364 263 3448 dolore,
291 3369 328 3430 ut
354 3367 482 3450 patriae
509 3388 636 3451 quoque
665 3388 755 3431 meae
779 3366 901 3444 oblitus
926 3367 984 3446 [et]
1008 3365 1192 3449 parentium

138 3472 377 3538 carissimorum
397 3474 516 3538 similis
530 3455 650 3537 furenh
665 3472 727 3535 huc
742 3475 775 3536 et
788 3471 867 3536 illuc
882 3493 981 3556 vager
994 3494 1052 3555 per
1065 3471 1193 3536 diversa

138 3581 304 3643 terrarum.
326 3616 369 3625 -
392 3579 438 3642 Et
465 3579 536 3662 ille,
567 3600 649 3663 quae
672 3582 782 3642 tamen
803 3577 876 3642 loca
900 3599 1019 3660 quasve
1043 3578 1193 3661 regiones

140 3685 343 3770 peragrasti?
364 3723 405 3731 -
426 3684 460 3750 Si
483 3687 530 3750 ita
552 3685 699 3771 indulges
719 3685 797 3767 otio,
819 3685 916 3767 plane
936 3704 1033 3768 quam
1051 3683 1193 3748 breviter

141 3814 307 3877 exponam,
329 3815 389 3857 nec
412 3793 534 3857 invitus
557 3793 701 3876 priorum
725 3791 928 3856 recordabor.
951 3790 1092 3874 primum
1116 3787 1193 3855 Sici·

140 3898 217 3963 liam
239 3899 382 3963 nobilem
407 3899 473 3962 vidi
493 3898 702 3963 domesticam
723 3895 858 3963 Cereris.
888 3896 1060 3961 secundam
1080 3896 1194 3960 deinde

141 4003 256 4072 Creten
284 4007 425 4090 patriam
453 4005 624 4088 Tonantis,
652 4009 685 4069 et
712 4028 731 4069 a
759 4006 858 4069 latere
886 4004 1009 4069 vicinas
1033 4000 1193 4087 Cycladas

142 4113 288 4178 salutavi.
334 4113 408 4176 inde
437 4134 488 4176 me
515 4111 663 4194 Rhodos,
690 4114 723 4174 et
751 4111 792 4175 ab
820 4131 969 4196 regressu
992 4109 1193 4195 Aegyptium

139 4220 274 4305 pelagus
299 4219 454 4301 [allexit],
483 4223 518 4282 ut
540 4240 601 4283 ora
620 4216 689 4281 Nili
713 4217 855 4281 viderem
878 4220 912 4280 et
933 4215 1088 4298 populum
1112 4234 1248 4280 sem-soa

139 4349 196 4412 per
219 4329 253 4391 in
272 4327 403 4410 templis
423 4326 563 4390 otiosum
582 4324 770 4407 peregrinae
789 4322 867 4387 deae
886 4322 984 4386 sistra
1001 4321 1194 4405 pulsantem.

142 4435 216 4502 inde
249 4457 360 4501 rursus
383 4432 513 4499 ltaliam
546 4432 638 4515 redii,
671 4435 704 4495 et
735 4429 844 4496 taedio
872 4429 973 4494 maris
1000 4448 1072 4495 oum
1095 4429 1195 4500 medi·
