2888 5040
180 318 245 382 512
509 333 623 380 crura
648 315 793 379 raaao's
815 333 996 380 murm

269 474 344 539 Non
381 476 563 558 promiscue
600 475 792 539 distributas
827 475 1052 542 hebdomadas
1082 481 1181 547 multo
1207 487 1276 551 niun

180 582 333 646 credibile
352 586 401 644 est
418 582 603 664 promiscuo
623 585 813 666 argumento
832 581 941 646 tirisse.
968 583 1014 647 Et
1036 584 1173 668 primum
1187 591 1274 674 quiden
1347 579 1353 640 ἓ

180 689 274 752 unius
307 687 514 770 eiusdemque
550 688 677 771 generis
714 687 863 752 homines
895 690 1036 774 singulis
1071 689 1274 761 hebdomadibus
1342 708 1353 721 '

181 795 380 879 compositos
403 815 474 856 esse
497 816 570 857 curu
598 816 650 857 res
677 794 750 875 ipsa
773 793 889 858 suadet
911 799 948 860 ut
975 795 1142 864 credamus
1164 805 1220 866 lura
1234 825 1273 869 uuo
1351 815 1353 819 '

180 908 269 965 certo
289 900 436 983 exemplo
455 921 557 983 eoque
575 899 674 982 longe
693 899 936 965 evidentissimo
955 924 1090 985 prorsus
1106 907 1272 988 persuahtn
1348 918 1353 925 '

180 1006 424 1092 Magnificentia
443 1006 532 1070 enim
551 1006 711 1090 villarum,
729 1008 897 1084 atriorum,
914 1009 1105 1075 balneorum
1123 1013 1154 1076 in
1165 1013 1271 1079 umbe
1339 1002 1349 1031 ⁵

180 1115 261 1197 ripis
285 1113 532 1197 eouspieuorum
554 1112 610 1176 ubi
629 1111 785 1177 Mosellae
803 1113 1010 1179 laudatorem
1027 1117 1197 1183 Ausonium
1209 1118 1269 1185 Gne

181 1242 293 1285 corum
322 1241 472 1303 operum,
507 1240 643 1303 quorum
671 1221 730 1284 illa
758 1219 963 1304 splendorem
992 1223 1268 1307 aemularentur,rd
1342 1242 1351 1251 ·

181 1327 321 1408 monuit,
353 1324 490 1408 exempli
521 1347 636 1389 caussa
667 1329 822 1408 quattuor
849 1327 991 1392 artifices
1020 1328 1155 1394 Graecos
1179 1353 1209 1395 er
1229 1350 1268 1394 ua

181 1432 382 1497 hebdomade
406 1430 610 1495 Varroniana
634 1432 827 1496 nominatim
850 1437 1267 1519 commemorarentur:
1345 1438 1353 1476 ³

271 1564 296 1628 F
298 1587 395 1629 orsan
420 1567 451 1628 et
475 1565 622 1649 insignes
645 1565 875 1648 hominumque
898 1587 1098 1652 operumque
1120 1570 1222 1635 laborer

271 1670 334 1734 Hic
357 1670 473 1735 habuit
495 1670 643 1735 decimo
667 1669 868 1735 celebrata
890 1672 1088 1739 volumine
1110 1672 1225 1741 Marcei
1349 1750 1353 1757 .

270 1776 497 1842 Hebdomas.
527 1778 580 1842 hic
604 1777 685 1840 clari
708 1777 839 1862 viguere
861 1776 1059 1845 Menecratis
1082 1787 1175 1860 artes,
1351 1853 1353 1857 ,

271 1884 379 1968 Atque
402 1884 695 1968 Ephesispectata
718 1905 847 1967 manus,
870 1884 921 1948 rel
945 1885 981 1949 in
1005 1909 1080 1953 arce
1102 1887 1236 1953 Minervae

271 1990 408 2073 Ictinus,
431 1991 559 2075 magico
583 1991 635 2055 cui
658 1996 778 2056 noctua
801 1990 922 2075 perlita
945 1992 1021 2058 fuco

271 2097 386 2161 Allicit
409 2118 504 2161 ornne
528 2116 631 2181 genus
654 2098 801 2162 volucres
825 2098 1024 2184 perimitque
1045 2101 1170 2167 tuendo.

272 2201 430 2269 Conditor
451 2203 505 2268 hie
529 2203 640 2267 forsan
664 2202 762 2267 fuerit
784 2202 1008 2270 Ptolemaidos
1032 2205 1127 2272 aulae

271 2308 490 2392 Dinochares,
512 2308 563 2373 cui
588 2308 747 2392 quadrato
771 2310 805 2372 in
827 2309 964 2394 fastigia
986 2333 1068 2377 cono

273 2414 387 2501 Surgit
409 2420 442 2480 et
465 2416 536 2499 ipsa
559 2437 634 2480 suas
659 2415 821 2481 consumit
843 2418 992 2500 pyramis
1015 2418 1150 2485 umbras
1173 2457 1205 2467 -

182 2573 208 2616 e.
232 2574 260 2634 q.
286 2575 310 2616 s.
346 2549 415 2615 Nec
443 2548 529 2611 enim
558 2544 756 2631 Scaligerum
786 2547 982 2614 audiendum
1011 2574 1097 2637 esse,
1128 2575 1192 2618 nou
1221 2550 1303 2619 solitis

182 2657 319 2742 argutiis
338 2656 418 2720 haec
437 2655 534 2739 longe
549 2654 645 2718 aliam
659 2654 693 2716 in
711 2658 839 2737 partem
858 2654 1142 2745 interpretantem,
1161 2661 1309 2727 sanam

184 2763 302 2827 iudicio
331 2762 456 2845 pridem
489 2758 681 2843 Salmasius,
709 2759 879 2824 Reinesius
912 2758 989 2826 Var.
1018 2764 1094 2831 lect
1122 2766 1210 2852 II,l
1243 2774 1317 2851 extr,

182 2870 239 2934 alii
268 2870 511 2952 perspexerunt.
556 2867 670 2949 ltaque
698 2866 737 2929 de
765 2870 919 2948 quattuor
947 2868 1015 2933 illis
1044 2872 1235 2941 architectis
1259 2898 1322 2942 cura

182 2975 281 3060 longo
305 2997 343 3038 ex
373 2979 517 3057 tempore
540 2972 629 3036 nulla
657 2970 817 3037 dubitatio
845 2971 975 3058 fuisset,
1003 2998 1112 3061 nuper
1141 2981 1272 3049 demum
1292 2984 1326 3050 ab

182 3081 293 3146 eadem
313 3103 428 3144 caussa
448 3102 502 3144 eos
526 3101 607 3163 quos
631 3077 681 3143 illi
700 3078 866 3160 excipiunt
884 3102 996 3145 versus
1017 3090 1246 3170 segregandos
1268 3114 1331 3157 esse

181 3187 318 3252 Iacobus
347 3186 547 3269 Bernaysius
580 3189 692 3250 noster
724 3184 866 3269 negabat
895 3185 1123 3256 admonitione
1154 3197 1335 3265 utilissima

182 3293 243 3369 Qui
266 3292 300 3356 hi
324 3295 400 3356 sunt
422 3292 495 3356 iude
519 3314 539 3357 a
561 3291 640 3356 298:

271 3425 350 3503 Quis
372 3425 459 3508 potis
484 3426 671 3489 innumeros
695 3424 863 3509 cultusque
886 3426 1087 3513 habitusque
1112 3439 1272 3503 retexens

270 3531 415 3596 Pandere
437 3531 616 3596 tectonicas
639 3554 697 3615 per
720 3531 848 3616 singula
871 3533 1005 3615 praedia
1029 3534 1186 3606 formas?

271 3638 345 3704 Non
367 3638 430 3702 hoo
454 3641 587 3720 spernat
610 3659 690 3721 opus
714 3637 893 3722 Gortynius
917 3639 1022 3723 aliger
1046 3642 1144 3710 aedis

271 3743 427 3811 Conditor
449 3742 625 3826 Euboicae,
649 3766 742 3809 casus
767 3767 862 3829 quem
885 3746 1009 3830 fingere
1034 3747 1069 3812 in
1094 3772 1183 3818 auro

269 3851 450 3916 Conantem
474 3848 594 3914 Icarios
619 3852 716 3933 patrii
742 3852 895 3935 pepulere
919 3850 1061 3918 dolores:

269 3956 344 4022 Non
368 3955 463 4021 Philo
488 3954 678 4040 Cecropius,
700 3979 764 4022 non
789 3959 845 4041 qui
868 3958 1018 4023 laudatus
1044 3960 1087 4024 ab
1114 3962 1218 4031 hoste

270 4062 367 4128 Clara
390 4061 553 4148 Syracosii
577 4065 677 4129 traxit
699 4065 877 4129 certamina
899 4064 988 4129 belli.

181 4194 281 4262 Vides
304 4197 381 4282 quid
403 4196 478 4261 hinc
502 4201 727 4280 consequatur.
760 4197 812 4263 An
831 4220 908 4262 casu
932 4197 1057 4263 factum
1080 4205 1225 4284 putabis
1251 4211 1345 4295 quod,

181 4309 334 4389 utrosque
357 4326 467 4368 versus
495 4303 552 4368 ubi
576 4305 764 4383 sociaveris,
793 4310 829 4369 ut
856 4308 932 4368 suut
962 4303 1003 4367 ab
1028 4306 1189 4376 Ausonio
1218 4316 1345 4399 sociati,

180 4433 239 4475 nee
271 4411 379 4494 plures
413 4410 572 4495 prodeunt
603 4433 662 4475 nee
694 4413 861 4494 pauciores
895 4433 992 4494 quam
1028 4435 1094 4478 una
1134 4415 1344 4490 hebdomade
