2924 5046
441 359 519 407 srvis
544 360 793 407 rsssnournuvn
816 362 919 407 mum.
1188 343 1251 407 557

126 491 277 583 beschyli,
306 499 492 584 Sophoclis,
521 501 688 586 Euripidis
712 503 882 586 splendore
907 503 1027 566 maiore
1053 524 1129 566 sane
1157 503 1254 566 inter-

128 602 204 670 rulo
230 607 329 671 ceteri
363 607 479 691 tragici
516 609 781 691 relinquebantur
818 630 913 691 quam
950 608 991 672 ab
1025 608 1255 692 Aristophanis

132 701 343 798 Menandrique
376 713 466 778 fama
498 715 612 779 comici
645 708 765 779 ceteris
801 716 891 799 Ergo
925 715 953 778 si
984 737 1049 779 non
1087 717 1255 798 pauciores

131 834 212 897 quam
237 821 377 904 quinque
405 821 536 885 fuerunt
558 821 702 886 solorum
732 828 902 905 poetarum
930 821 1161 903 hebdomades,
1190 844 1256 885 non
1341 882 1348 897 ,

130 930 287 1003 potuerunt
309 949 383 992 cunr
408 928 514 1010 poetis
539 929 638 992 etiam
663 929 852 1011 scriptores,
880 928 1168 1011 quibusprofecto
1192 949 1310 991 nonxn

129 1032 198 1096 satis
219 1033 313 1116 spatii
337 1036 408 1097 erat
434 1034 467 1097 in
496 1034 708 1098 hebdomadis
738 1034 877 1114 duabus,
904 1034 1000 1097 unius
1030 1033 1105 1097 libri
1133 1035 1257 1097 ambitu

127 1139 270 1220 copulari:
303 1140 335 1204 id
365 1138 450 1222 quod
479 1162 576 1222 supra
605 1140 863 1223 anticipabamus
891 1143 1027 1202 tantum.
1070 1139 1191 1214 Quodsi
1220 1141 1258 1203 de

128 1250 209 1309 serta
231 1246 431 1330 septimaque
455 1246 654 1310 hebdomade
679 1247 754 1309 libri
780 1246 862 1309 serti
887 1246 1028 1328 quaeris,
1052 1246 1085 1308 in
1108 1249 1259 1328 promptu

124 1355 172 1414 est
183 1352 229 1415 rel
248 1353 287 1416 de
302 1353 502 1435 tragicorum
517 1353 643 1436 pleiade
652 1352 948 1416 Alexandrinorum
963 1350 1106 1434 cogitare
1118 1349 1258 1434 (quando

124 1458 213 1522 etiam
232 1459 266 1523 in
286 1459 360 1522 aliis
380 1459 537 1522 classibus
556 1458 650 1522 binas
669 1459 768 1522 fuisse
789 1459 883 1521 unius
902 1446 1018 1539 capitis
1038 1455 1258 1520 hebdomadas

122 1556 201 1628 infra
219 1564 456 1650 cognoscetur),
480 1564 529 1627 vel
552 1564 591 1628 de
614 1565 815 1647 poetriarum
834 1564 1030 1627 Graecarum
1049 1561 1259 1645 hebdomade,

120 1668 327 1734 resonasse
351 1671 389 1734 de
415 1671 519 1754 capite
543 1671 687 1735 miscello
712 1693 775 1754 quo
799 1671 887 1734 velut
910 1669 1146 1752 iambographi,
1170 1670 1258 1733 sillo-

120 1777 243 1860 graphi,
272 1777 531 1860 epigrammatici
561 1777 784 1840 subicerentur
807 1798 879 1839 curn
904 1774 1074 1839 similibus.
1112 1774 1259 1839 Percom·

119 1882 205 1946 mode
243 1882 344 1965 euim,
382 1888 418 1946 ut
454 1885 542 1966 ipsas
580 1884 699 1947 classes
736 1883 931 1966 principales
969 1882 1108 1964 septima
1145 1882 1257 1946 classis

124 1988 274 2071 miscella,
306 1990 355 2053 ita
388 1990 530 2053 eiusdem
561 1991 613 2053 vel
641 1990 756 2053 classis
786 1990 836 2054 vel
868 1989 945 2053 libri
977 2011 1033 2052 sex
1065 1988 1258 2070 principalia

125 2096 221 2177 capita
244 2095 324 2158 item
348 2095 529 2159 miscellam
548 2096 722 2178 septimum
742 2095 931 2179 excipiebat.
968 2094 1062 2170 Quod
1086 2095 1114 2158 si
1137 2095 1259 2177 pariter

125 2197 344 2266 instituebatur
362 2201 396 2264 in
416 2200 551 2285 Latinis,
571 2201 611 2265 ad
630 2202 696 2265 tale
717 2207 814 2284 caput
832 2201 943 2264 referri
963 2201 996 2286 iu
1016 2201 1100 2264 libro
1120 2201 1258 2284 septimo

124 2326 188 2369 cum
216 2307 289 2370 aliis
315 2305 457 2371 Lucilius
492 2309 613 2390 potuit,
646 2308 697 2372 cui
727 2313 815 2372 certa
847 2309 881 2370 in
910 2311 997 2371 certo
1025 2327 1140 2391 genere
1169 2307 1259 2371 nullo

123 2414 208 2476 sedes
237 2416 328 2476 esset
369 2412 416 2476 De
440 2412 572 2496 reliquis
596 2419 704 2477 autem
734 2413 896 2496 capitibus
926 2412 1002 2475 libri
1031 2413 1163 2496 septimi
1190 2413 1259 2477 noli

120 2519 182 2582 ullo
212 2518 307 2582 modo
335 2517 481 2583 dubitare
510 2520 587 2602 quin
616 2521 693 2584 satis
723 2521 878 2584 materiae
907 2518 1047 2582 Varroni
1077 2518 1258 2581 litterarum

117 2625 302 2688 catinarum
332 2625 444 2708 copiae
474 2626 726 2709 suppeditarim,
759 2627 841 2690 uude
870 2626 1009 2708 quinque
1041 2623 1259 2688 hebdomadas

115 2732 256 2795 efiiceret
279 2736 407 2815 praeter
426 2733 535 2815 epicos
558 2738 672 2815 poetas
693 2732 915 2807 Quinctiliano
939 2730 1017 2794 <luce
1036 2753 1134 2814 supra
1155 2731 1258 2795 nomi·

114 2843 221 2902 natos:
251 2838 347 2902 modo
375 2838 438 2902 duo
462 2860 502 2902 ne
527 2840 718 2903 obliviscare
747 2861 829 2921 quae
857 2839 920 2902 huc
951 2838 1074 2901 faciunt
1102 2837 1260 2918 inprimis.

115 2943 201 3008 Nam
232 2945 372 3026 primum
402 2949 656 3008 consentaneum
685 2949 735 3008 est
763 2944 866 3008 multo
894 2944 986 3007 illum
1014 2942 1194 3007 faciliorem
1226 2944 1260 3007 in

114 3049 162 3114 his
186 3073 222 3114 se
246 3052 350 3133 poetis
374 3051 584 3115 aestimandis
614 3052 751 3115 iudicem
776 3051 915 3135 gessisse
940 3072 1037 3134 quam
1060 3049 1093 3112 in
1118 3048 1259 3132 Graecis,

114 3177 250 3240 quorum
275 3157 431 3221 honorem
455 3157 562 3221 dedita
582 3180 681 3241 opera
700 3177 877 3239 exaequare
896 3156 1116 3220 Romanorum
1140 3156 1259 3220 virtute

114 3263 221 3326 uellet.
263 3261 386 3326 Deinde
415 3269 522 3327 autem
552 3286 684 3346 prorsus
709 3268 758 3326 est
786 3263 938 3326 credibile
966 3286 1007 3325 ue
1036 3263 1260 3327 obscuriorum

114 3369 257 3451 quidem,
287 3373 323 3431 ut
349 3369 444 3432 nobis
466 3391 551 3433 nunc
579 3370 742 3451 videntur,
770 3369 938 3433 hominum
961 3368 1149 3433 Latinorum
1179 3371 1260 3434 ima-

138 3474 144 3486 '
170 3496 204 3538 es
231 3473 272 3537 ad
296 3474 406 3537 vivum
429 3474 532 3539 factas
552 3497 705 3558 umquam
731 3476 885 3540 defecisse
905 3474 1085 3538 Varronem
1108 3477 1143 3539 in
1166 3481 1260 3539 tanta
1284 3535 1291 3551 ,

136 3581 211 3645 uius
236 3581 365 3664 generis
390 3582 474 3663 apud
497 3581 661 3646 Romanos
686 3586 719 3646 et
742 3583 849 3666 gratia
872 3588 904 3643 et
928 3580 1118 3663 frequentia.
1151 3583 1259 3664 Atque

152 3708 192 3752 eo
212 3687 308 3751 nobis
332 3687 429 3769 hodie
452 3686 607 3768 perfacile
627 3693 677 3752 est
695 3685 836 3772 (experti
856 3687 1069 3770 affirmamus)
1089 3709 1126 3749 ex
1149 3709 1259 3751 eorum

173 3798 284 3856 tarum
314 3791 507 3856 Latinorum
538 3794 740 3875 nominibus,
777 3815 913 3876 quorum
950 3794 1098 3875 quamvis
1130 3799 1259 3857 tenuem

146 3897 305 3962 emoriam
329 3920 394 3960 non
422 3896 539 3960 invidit
565 3899 661 3962 nobis
690 3903 873 3982 temporum
900 3899 1069 3981 iniquitas,
1102 3903 1153 3964 tot
1181 3904 1260 3984 quot

154 4027 192 4069 us
218 4009 298 4067 sunt
320 4003 540 4066 hebdomadas
564 4025 769 4086 componere:
800 4026 898 4067 unam
928 4025 1009 4087 quae
1034 4005 1137 4068 altera
1164 4007 1261 4070 fuerit

154 4111 293 4176 corum:
313 4132 410 4173 unam
428 4109 645 4192 elegiacorum
665 4110 916 4194 lyricorumque:
935 4111 1133 4194 tragicorum
1149 4135 1259 4176 unam:

167 4217 245 4281 ulae
269 4215 422 4297 palliatae
442 4216 547 4299 poetis
570 4216 710 4280 dicatam
730 4239 841 4280 unam:
865 4239 962 4280 unam
983 4239 999 4280 e
1017 4217 1147 4281 fabulae
1167 4223 1259 4302 toga·

161 4373 171 4407 ,
189 4321 377 4403 Atellanae,
396 4323 568 4386 mimorum
588 4324 692 4406 poetis
713 4328 941 4406 constructam,
960 4324 1022 4388 nisi
1041 4325 1124 4388 forte
1143 4323 1260 4389 horum

156 4429 245 4494 'dam
279 4428 319 4490 ad
353 4433 449 4510 caput
482 4430 661 4493 miscellum
694 4431 804 4493 reiecti
842 4435 926 4493 sunt
975 4431 1060 4496 Nam
1093 4432 1260 4514 aequalem
