2924 5046
188 361 252 427 258
579 380 616 425 ra
641 381 750 427 vrrau
773 379 942 426 raannrn

136 537 176 578 ero
277 519 461 602 Pag.211,n
484 521 519 584 ia
542 520 692 586 arclradia
713 521 879 605 styraptali
900 523 967 586 siaa
985 522 1120 586 lawadic
1139 543 1222 586 unus
1241 524 1301 585 veti

188 626 354 691 Parisinus
378 628 531 692 servavit:
555 627 611 692 ubi
635 628 720 713 quod
743 628 844 694 libros
863 628 1007 693 novicios
1028 630 1164 711 occupat
1181 627 1301 711 sinapi

188 733 266 815 siaa,
292 733 374 797 nulli
402 733 473 798 usui
502 736 560 798 est
605 733 742 798 Prorsus
771 739 804 798 et
827 735 990 800 soloecam
1014 733 1198 798 orationem
1221 738 1256 798 et
1278 734 1301 798 a⁴

188 839 319 904 surdam
339 840 533 905 sententiam
547 839 704 904 Erasmus
724 840 910 904 invehebat:
934 842 969 904 ia
983 840 1139 904 Arcadiae
1152 838 1301 923 Stymplra

187 949 253 1011 aiae
275 947 444 1025 Lorcadia‚
479 947 532 1011 sed
566 947 651 1011 idem
681 950 791 1010 tamen
820 947 855 1011 in
884 946 1049 1010 tralaticia
1079 946 1241 1029 scriptura
1268 969 1301 1011 n(

188 1075 284 1138 posse
308 1053 468 1137 acquiesci
492 1057 577 1117 recte
602 1054 711 1118 sensit.
756 1050 832 1117 Non
857 1051 1004 1137 equidem
1027 1052 1154 1136 negabo
1178 1033 1215 1116 irr
1236 1053 1301 1117 Arc

109 1186 113 1197 ·
188 1161 242 1224 dia
264 1159 440 1243 Stymphali
462 1160 524 1224 dici
547 1161 702 1243 potuisse,
724 1164 761 1223 ut
783 1180 896 1241 reapse
921 1158 1046 1222 Plinius
1069 1158 1152 1223 dixit
1175 1156 1216 1222 N.
1239 1155 1301 1222 Ia:

189 1266 252 1330 227
278 1266 328 1353 ‘in
351 1289 388 1330 eo
413 1264 538 1352 (fluvio)
562 1271 599 1331 ut
617 1269 651 1330 ia
665 1266 806 1330 Arcadia
819 1264 996 1348 Styaqurali
1019 1268 1217 1329 enascuntur
1239 1286 1300 1348 aqu

189 1372 262 1435 tiles
286 1372 448 1454 musculi’,
480 1374 531 1438 vel
561 1391 676 1457 xxxa,
703 1374 741 1436 17
772 1373 805 1437 irr
834 1372 932 1453 Lycia
954 1369 1061 1453 Myris
1090 1371 1159 1456 (ubi
1190 1371 1301 1454 dispar.

190 1477 319 1542 miscuit
343 1477 518 1565 Silligius):
543 1501 738 1563 quamquam
762 1479 913 1543 usitatius
937 1501 1008 1543 csse
1031 1483 1089 1542 aut
1107 1476 1301 1560 Styaqurali:

189 1585 330 1649 Arcadia
354 1586 458 1650 sentio
482 1583 765 1671 (quemadmodum
795 1586 862 1650 vita
884 1584 1104 1649 Ambrosiana
1127 1583 1301 1668 loquitura

189 1689 229 1753 A.
252 1688 340 1755 Maio
368 1689 454 1756 edita
482 1690 658 1774 Sipaqurali
684 1693 807 1756 (amasii
835 1692 869 1755 irr
891 1688 1047 1776 Arcadia)
1075 1694 1133 1755 aut
1159 1690 1301 1773 Styraplra

189 1797 342 1861 Arcadiae
372 1797 482 1877 oppido
514 1801 571 1860 aut
603 1798 719 1862 saltem
753 1799 786 1861 ia
813 1797 970 1862 Arcadiae
1002 1799 1112 1879 oppido
1143 1796 1301 1879 Slyaqural

190 1902 313 1967 Verum
342 1904 377 1967 irr
403 1903 544 1967 Arcadia
570 1902 745 1986 Styaquraii
770 1906 836 1968 siac
858 1904 1029 1969 Leucadiae
1060 1926 1166 1969 nonne
1200 1926 1301 1987 prorsr

190 2009 238 2072 ita
265 2009 375 2091 posita
403 2014 479 2074 sunt
507 2015 543 2074 ut
566 2010 761 2075 Leucadiam
789 2033 916 2095 quoque
944 2011 1057 2075 urbem
1086 2010 1150 2075 dici
1173 2010 1301 2076 Arcadii

190 2114 325 2178 credas?
362 2115 475 2199 Apage
499 2116 600 2200 igitur
623 2117 797 2181 molestum
814 2116 989 2200 Styrrqurali
1011 2139 1138 2200 nomen,
1162 2116 1249 2200 quod
1269 2138 1301 2180 n(

191 2225 241 2284 est
272 2221 400 2287 aliunde
424 2222 490 2287 nisi
513 2245 529 2286 e
553 2224 704 2288 carminis
728 2224 879 2289 Porciani
901 2248 932 2309 p.
956 2225 1021 2289 206
1046 2246 1141 2288 versu
1165 2225 1183 2287 'l
1207 2222 1301 2288 hucr

190 2327 366 2411 interprete
389 2329 535 2414 inlatum,
559 2328 810 2417 Suetoniumque
833 2333 1028 2402 confidenter
1051 2330 1144 2395 crede
1167 2331 1215 2395 sic
1238 2331 1301 2411 scri

191 2434 285 2498 sisso:
318 2437 407 2500 celeri
429 2443 583 2502 raodraerr
606 2459 669 2502 essa
696 2438 731 2501 ia
753 2438 893 2503 Arcadia
915 2441 981 2503 siaa
1003 2438 1177 2502 laricariiac
1199 2438 1301 2502 lradra

190 2539 256 2605 Vbi
289 2542 427 2628 insulae,
464 2544 515 2609 vel
548 2545 727 2630 antiquitus
765 2547 974 2630 paeninsulae
1011 2566 1131 2620 nomen
1162 2543 1301 2609 Lcrrcadi

191 2649 434 2716 notissimorum
459 2672 608 2715 normam
631 2652 850 2737 exemplorum
875 2653 1019 2736 sequitur
1042 2671 1124 2736 quae
1147 2653 1224 2715 sunt
1242 2649 1301 2734 dp

191 2754 341 2839 Corcyrae
363 2757 547 2823 Olrcrsoaeai.
592 2755 662 2822 Nec
684 2759 750 2823 siae
772 2757 940 2842 particula,
962 2779 1021 2841 pro
1045 2779 1110 2841 qua
1132 2755 1228 2820 facile
1251 2757 1301 2842 qui

191 2861 279 2944 piam
302 2863 352 2926 acl
375 2867 539 2947 exspectet
562 2864 613 2928 vel
635 2868 697 2942 ard,
722 2864 848 2930 ratione
868 2886 927 2928 sua
945 2868 1046 2946 caret;
1068 2884 1145 2927 nam
1165 2884 1239 2927 cum
1257 2862 1301 2928 ha

193 2969 389 3052 praecedant
417 2970 452 3049 Q.
475 2968 638 3035 Cosconius
664 2971 838 3035 redcarrtcra
864 2992 880 3035 c
903 2970 1035 3035 Graecia
1058 2969 1175 3051 rar-isac
1197 2971 1231 3034 ia
1255 2990 1301 3035 raa

190 3075 278 3154 dicit,
302 3076 365 3160 ipsi
389 3076 470 3139 mari
494 3076 559 3141 iam
584 3077 704 3161 opponi
727 3081 848 3141 terram
872 3079 1021 3160 apparet,
1044 3074 1112 3138 sive
1137 3097 1175 3139 ea
1198 3075 1301 3141 Arcad

191 3181 255 3244 fuit
277 3183 345 3247 sive
368 3182 539 3247 Leucadia.
583 3182 674 3248 Neve
704 3184 775 3267 quis
804 3185 838 3247 ia
861 3184 1000 3247 Arcadia
1024 3182 1125 3246 verba
1147 3205 1208 3264 pro
1231 3182 1301 3247 insi

193 3288 250 3352 ciis
280 3289 401 3354 habeat
431 3288 649 3375 Suetonioque
678 3290 757 3355 hacc
785 3290 893 3375 potius
922 3291 1045 3354 tribuat
1071 3290 1161 3353 ceteri
1183 3294 1301 3353 cartae

191 3413 253 3459 esse
266 3392 440 3478 Styrrqurali
461 3397 528 3460 siria
541 3397 713 3462 [arcadiae
735 3399 878 3462 traduat:
901 3419 942 3462 ne
965 3396 1042 3479 quid
1064 3396 1103 3459 de
1127 3418 1242 3479 parum
1265 3416 1301 3460 aa

192 3501 288 3566 cinna
306 3502 397 3567 urbis
416 3525 490 3568 cum
509 3504 615 3568 insula
634 3503 873 3569 consociatione
892 3503 1006 3587 dicam,
1025 3494 1156 3587 piaesto
1176 3507 1235 3586 est,
1248 3501 1301 3567 cui

192 3677 344 3732 versiarum
369 3676 443 3732 enim
467 3678 486 3731 l.
507 3692 551 3731 vn
570 3696 597 3747 p.
619 3683 683 3747 184,
703 3685 748 3732 12:
776 3679 825 3733 ati
842 3677 922 3746 spes?
949 3679 981 3730 ia
999 3676 1204 3746 pretaaaealo?
1230 3675 1301 3731 aaa·

192 3771 237 3820 est.
265 3768 297 3820 ia
315 3766 449 3836 raalaio?
467 3782 507 3819 aa
523 3767 582 3820 hoc
599 3767 707 3835 quidem
725 3773 770 3823 est.
799 3768 831 3821 ia
845 3765 958 3823 comite?
977 3781 1054 3819 iwrio
1071 3770 1196 3834 repertas
1208 3771 1252 3821 ert
1267 3780 1301 3821 ae

191 3854 269 3924 srapi
291 3871 382 3912 comcs.
420 3857 453 3910 ia
474 3853 555 3910 uelo?
568 3856 616 3908 ‘ia
643 3854 722 3909 arte?
751 3856 843 3910 amaia
861 3872 951 3924 paene
973 3855 1157 3908 instrumenta
1179 3855 1301 3910 circam

192 3947 257 3996 cant
279 3975 322 4011 -‚
351 3944 418 4013 quid
445 3943 501 3999 sibi
528 3944 601 3999 velle
628 3944 658 3997 ia
684 3950 742 4003 arie
766 3945 854 4013 dices,
883 3943 932 3999 ubi
957 3943 992 3998 de
1014 3941 1209 3997 instrumentis
1229 3958 1301 3999 m

194 4031 352 4100 Scripserat
371 4031 477 4087 Seneca
494 4032 526 4086 r'a
544 4031 625 4086 acio?
651 4033 682 4085 ia
701 4032 890 4087 artemone?
909 4034 1002 4087 carnia
1020 4061 1063 4086 -.
1100 4031 1175 4087 Nam
1192 4030 1301 4087 differre

193 4121 256 4176 velo
279 4125 451 4177 artemonem
475 4123 591 4176 constat.
630 4121 666 4174 Et
687 4121 720 4174 ia
742 4125 801 4174 arte
823 4122 854 4174 iri
877 4121 970 4174 amaia
993 4120 1098 4176 habere
1121 4119 1209 4176 codex
1226 4120 1301 4175 ha:

193 4209 279 4265 lensia
298 4209 417 4266 videtur.
453 4210 560 4264 Eadem
580 4226 665 4279 opera
683 4209 790 4263 leviora
809 4208 916 4278 corrige
935 4208 1063 4278 finitima,
1081 4206 1180 4279 paullo
1196 4210 1265 4265 nte
1279 4224 1301 4265 v

193 4299 261 4367 qaid
287 4315 400 4353 accimus
424 4301 496 4368 qaod
518 4299 702 4367 inpunitatem
726 4299 812 4365 fratri
837 4298 968 4362 dederim,
992 4313 1087 4366 qaam
1109 4298 1172 4367 sato
1194 4294 1301 4355 wnfl'li!

193 4404 281 4442 meam
299 4389 402 4442 alatam
420 4388 469 4442 eit:
487 4386 557 4440 item
575 4387 671 4455 paullo
690 4389 753 4455 post
770 4404 794 4440 v.
815 4390 849 4439 20
863 4401 1018 4455 poenarum
1034 4386 1095 4439 cirre
1107 4400 1180 4455 pm
1195 4388 1259 4453 eet,
1271 4396 1301 4443 Ιι

194 4483 242 4534 eal
260 4477 399 4546 aequitiae
416 4492 492 4544 opas.
530 4474 585 4529 Sed
604 4474 674 4528 talia
692 4473 877 4544 corrigentem
895 4475 954 4529 dics
972 4471 1094 4529 deficiat
