2888 5040
176 318 238 384 188
532 334 748 384 asianarum
770 334 956 383 ruuvrrun.

172 478 315 544 Astraba
337 479 399 544 etsi
423 478 546 544 Gellius
570 477 642 545 cum
666 477 773 543 Nouio
798 476 840 565 (v.
862 474 979 565 fragm.
1000 475 1040 565 v)
1062 498 1134 544 ease
1156 477 1190 543 in

172 585 269 669 dixit,
290 589 401 650 tamen
425 608 491 651 non
509 585 608 651 nimis
626 585 752 650 incerta
769 585 1017 651 ratiocinatione
1030 584 1190 671 Parergon

172 693 255 759 conl.
278 715 309 777 p.
325 693 376 758 76.
402 692 473 758 129.
499 693 570 758 149.
596 693 660 757 152
683 692 740 758 inf.
762 693 920 778 probasse
944 675 1053 758 videor
1076 691 1190 757 aVarr

172 801 220 866 eis
243 798 364 865 fabulis
387 797 534 864 habitam
558 821 638 883 esse,
662 820 744 883 quae
767 819 839 863 oum
858 819 926 863 non
944 798 985 862 ab
1003 797 1190 865 omnibusir

172 907 250 973 tinis
273 909 532 990 numerarentur,
553 909 665 971 tamen
686 904 878 971 tribuendae
894 905 1016 971 =Plauto
1039 909 1159 971 essent.

174 1016 320 1097 spectare
343 1011 377 1076 in
395 1011 510 1097 fragm.
525 1030 537 1076 1
553 1011 709 1078 ‘Astraba
726 1009 894 1077 Plautina'
909 1011 1011 1076 videri
1030 1015 1150 1095 potest,
1173 1036 1188 1077 s

173 1142 212 1184 ea
238 1119 398 1202 scriptura
424 1140 489 1183 nou
516 1118 765 1202 improbabitur.
810 1117 964 1183 Fortasse
992 1117 1026 1182 in
1053 1114 1159 1182 Servii
1187 1132 1190 1165 ⁴

173 1222 367 1291 ‘indicibus'
391 1225 568 1293 Astrabam
590 1223 691 1290 fuisse
714 1224 895 1310 significavi
919 1224 1039 1289 ibidem
1063 1246 1095 1309 p.
1108 1223 1174 1291 243

601 1506 604 1511 .
722 1452 771 1523 l.⁸)

262 1563 367 1631 Varro
395 1564 434 1629 de
463 1564 576 1649 lingua
603 1564 660 1629 lat.
683 1561 744 1648 VI,
777 1564 833 1629 73:
871 1562 986 1629 ‘etiam
1015 1584 1104 1647 apes
1131 1585 1151 1627 a
1178 1586 1190 1627 s

173 1676 284 1758 potest
305 1693 374 1738 csse
397 1671 572 1751 declinata,
596 1670 682 1757 quod
701 1670 772 1755 quis
791 1673 861 1734 tum
880 1672 999 1754 sperat,
1023 1690 1122 1754 quom
1142 1692 1190 1754 qur

174 1779 244 1845 fieri
266 1783 374 1866 putat,
398 1774 474 1844 nam
497 1777 583 1862 quod
606 1799 673 1843 non
696 1777 766 1842 uolt
789 1777 817 1840 si
836 1780 940 1861 putat,
963 1776 1091 1860 metuit,
1113 1797 1178 1841 non

173 1888 288 1974 ltaque
311 1885 365 1953 hic
388 1906 514 1970 quoque
538 1884 595 1969 qui
618 1883 729 1949 dicunt
752 1882 786 1947 in
810 1880 953 1947 Astraba
975 1881 1128 1948 Plautina

141 2048 158 2095 a
220 2031 262 2097 A.
299 2024 466 2115 Sequere
489 2026 665 2111 adsecue,
687 2022 959 2109 Polybadisce:
983 2023 1105 2086 meam
1129 2046 1190 2107 spe

972 2150 1038 2213 p10
1063 2150 1190 2213 consec

218 2245 262 2310 B.
298 2241 445 2328 sequor
476 2240 605 2306 hercle
639 2239 826 2326 equidem:
862 2237 948 2303 nam
979 2235 1167 2301 lubenter

814 2348 1009 2432 speratam
1033 2346 1190 2428 cdnsequ

174 2496 259 2582 quod
287 2496 357 2563 sine
386 2495 523 2578 sponte
551 2492 676 2578 dicunt,
706 2514 781 2559 uere
809 2511 911 2575 neque
928 2487 995 2583 ‚5¹¹0
1024 2490 1135 2573 sperat
1161 2507 1190 2570 qr

174 2604 377 2686 adulescens,
408 2622 513 2686 neque
540 2601 600 2666 illa
628 2606 760 2686 sperata
787 2598 859 2666 est’
888 2635 928 2647 -
961 2594 1001 2661 In
1023 2594 1179 2662 Varronis

172 2714 254 2797 quod
274 2713 344 2796 quotis
368 2713 434 2774 tum
457 2709 573 2793 scripsi
595 2731 654 2793 pro
678 2711 760 2791 qaod
781 2714 859 2786 tum,
892 2726 966 2769 mor
994 2708 1104 2769 autem
1126 2722 1190 2787 qun

172 2822 240 2915 uolt
259 2842 318 2905 pro
341 2817 506 2902 quodcum
519 2816 641 2901 (quom)
659 2819 727 2883 uolt
748 2838 821 2882 cum
843 2811 1010 2895 Muellero,
1032 2833 1101 2877 non
1123 2832 1190 2877 oum

174 2927 258 3014 gelio
287 2931 321 2993 et
347 2923 559 2991 Lachmanno
587 2925 622 2990 in
644 2923 809 2989 Wclckeri
836 2918 1016 3003 Naekiique
1045 2917 1130 2986 Mus.
1151 2917 1190 2983 ltl

172 3057 203 3119 p.
219 3033 281 3099 117
305 3031 390 3115 quod
409 3031 475 3096 uolt
496 3053 604 3115 quom,·
628 3037 743 3099 contra
761 3054 833 3097 cum
857 3027 969 3095 eodem
983 3024 1190 3092 Lachmannc

172 3139 222 3205 bic
240 3137 369 3203 serrari
387 3139 425 3202 ut
443 3139 646 3226 adverbium,
669 3162 735 3207 non
755 3162 827 3206 cum
845 3133 1002 3200 Muellero
1027 3139 1065 3199 ut
1088 3134 1190 3201 nomir

173 3239 413 3328 pluralem-(qui
428 3265 522 3314 casus
536 3248 622 3334 quod
637 3248 776 3313 sciamus
791 3264 966 3327 numquam
980 3241 1032 3306 lu'c
1045 3242 1113 3308 fuit
1127 3265 1185 3330 pro

171 3349 276 3432 laisce),
297 3370 357 3415 nec
379 3347 414 3414 aa·
436 3354 594 3422 substitui
618 3377 690 3420 cum
714 3352 896 3440 Spengclio.
940 3349 1102 3417 Proxima
1126 3356 1190 3419 aut

171 3457 207 3520 in
229 3453 419 3521 Florentino
447 3462 557 3529 codice
585 3463 631 3527 sic
660 3463 783 3546 scripta
811 3460 890 3524 sint:
922 3455 975 3521 ‘in
1003 3460 1147 3529 astraba
1169 3487 1190 3551 p

171 3561 335 3647 (plautina
350 3561 451 3645 Gora,
469 3569 636 3653 plautinae
650 3567 771 3655 Hauc.)
790 3584 921 3651 sequere
941 3563 1093 3651 adaeque
1112 3573 1190 3660 poly

171 3689 280 3733 meam
304 3690 395 3754 spem
419 3677 516 3759 cupio
541 3675 705 3759 consequi.
729 3695 846 3761 sequor
869 3668 1051 3739 haeredem
1077 3675 1190 3765 (hercl

169 3776 234 3859 cle,
268 3772 399 3842 hercula
421 3782 487 3870 cet)
517 3781 649 3871 quidem
677 3803 756 3848 nam
788 3781 927 3847 libenter
956 3799 1038 3846 mea
1069 3798 1190 3872 sperat

169 3877 271 3967 quor’
296 3916 352 3965 -,
384 3905 423 3949 ue
452 3887 536 3957 illud
565 3890 601 3953 in
629 3909 713 3956 nunc
742 3886 891 3954 mutabat
921 3881 1157 3989 Spengelius‚

169 3993 283 4055 autem
314 3989 449 4073 reliquis
483 3996 533 4063 sic
565 4018 587 4059 a
617 4015 651 4058 se
685 3989 897 4062 conformatis
931 3997 1087 4076 aptabat
1122 4009 1190 4084 La(

167 4098 189 4162 l.
216 4116 244 4158 s.
268 4114 296 4157 s.
318 4115 351 4176 p.
372 4097 436 4162 120
460 4106 494 4166 et
517 4102 559 4168 ad
583 4099 710 4169 Lucret
733 4128 764 4189 p.
783 4098 863 4166 304:
887 4092 941 4160 Ἃ.
966 4099 1024 4169 Ne
1053 4115 1190 4206 sasquer

262 4265 288 4334 *)
311 4267 406 4337 [Hanc
429 4276 600 4340 particulam
623 4274 682 4332 iam
706 4280 798 4336 edidit
821 4274 853 4327 R·
876 4269 907 4323 in
931 4272 1001 4333 Act·
1029 4292 1147 4360 sociat.

163 4353 298 4511 {qmwlql
320 4372 349 4422 p.
372 4363 524 4416 366-368
553 4362 720 4433 inscriptam
745 4357 1158 4457 ‘Varronianumide111un
1187 4402 1190 4458 ἶ
