2888 5040
483 116 700 166 assensuri
724 118 911 166 susumus.
1206 105 1269 170 199

10 246 12 267 ²
95 263 276 345 promptu
303 281 374 326 esse
403 259 513 344 rideo,
539 265 575 325 ut
598 262 835 345 margaritae
859 262 1090 347 intellegantur
1114 263 1154 328 ad
1178 286 1270 330 oma-

91 360 185 425 tum
217 366 406 442 muliebrem
424 367 761 452 pertinentest·quam
781 368 911 452 quidem
931 367 1067 452 ‘baea',
1090 369 1169 435 item
1189 369 1269 435 ‘ba-

84 470 250 536 catus’
272 494 386 538 vocum
410 472 683 558 significationem
706 496 764 557 per
787 473 892 539 multa
915 476 1044 540 saecula
1067 477 1146 540 satis
1171 477 1270 541 usita-

78 570 178 637 tam
219 578 331 644 multis
358 581 522 665 persecuti
549 585 625 645 sunt
652 581 845 664 interpretes
869 581 1012 646 Petronii
1037 580 1103 648 Sat
1127 605 1195 667 cap.
1218 583 1269 649 55.

70 667 303 751 Fatendum
336 692 386 752 est
414 708 492 752 sane
520 688 702 773 antiquiora
731 686 870 752 Horatio
898 687 1045 773 Vergilio
1074 689 1189 754 ovidio
1219 711 1269 754 ex·

66 789 231 869 ampla
255 793 325 858 eius
352 793 584 877 appellationis
611 815 677 859 non
704 797 843 858 exstare:
876 816 1073 879 quamquam
1104 796 1269 861 altercer

59 895 214 963 Parte
243 899 432 984 responderi
463 903 572 984 potest
601 922 641 964 ne
672 898 883 985 ‘margarita'
913 898 977 986 (vel
1007 900 1269 988 ‘margaritum’)

57 995 253 1069 quidem
290 1006 484 1071 vocabulum
517 1007 733 1091 antiquiorem
763 1005 910 1071 Varrone
943 1011 1108 1072 auctorem
1140 1007 1269 1073 habere.

55 1089 262 1176 Gravius
285 1116 346 1196 est,
369 1114 455 1197 quod
478 1114 547 1198 ipse
571 1115 822 1199 margaritarum
845 1137 923 1179 usus
947 1139 966 1180 a
989 1114 1139 1180 Plautina
1163 1120 1269 1182 aetate

51 1217 183 1275 ‘²⁸88
224 1218 349 1285 alienus
373 1219 508 1285 videtur.
547 1218 624 1286 Non
648 1221 728 1286 satis
751 1220 881 1305 quidem
904 1220 965 1285 hac
988 1221 1023 1286 in
1048 1243 1145 1286 causa
1170 1221 1269 1287 Plinii

48 1305 308 1391 testimonia
338 1326 464 1410 valent,
495 1328 551 1412 qui
583 1348 656 1393 cum
683 1327 738 1392 lib.
767 1326 937 1412 XXXVII,
967 1328 1007 1392 12
1038 1327 1187 1412 ‘Pompei
1216 1329 1268 1414 (de

47 1407 324 1519 Mithridate)
360 1431 531 1498 victoriam
563 1433 728 1518 primum
761 1433 801 1498 ad
834 1433 1028 1517 margaritas
1060 1454 1268 1519 gemmasque

47 1538 228 1602 1¹loreis
254 1537 448 1605 inclinasse’
476 1538 639 1623 perhibet,
666 1539 699 1604 id
728 1541 763 1605 in
785 1561 883 1625 quam
905 1543 1032 1624 partem
1054 1540 1268 1624 interpretan-

46 1612 194 1705 llum
224 1644 282 1730 sit,
307 1644 440 1730 planius
463 1668 480 1710 e
503 1645 559 1710 lib.
581 1645 643 1730 IX,
669 1647 732 1711 123
755 1645 967 1730 intellegitur,
995 1644 1050 1709 ubi
1073 1647 1268 1730 margaritas

46 1727 254 1816 tmeaa
292 1751 329 1816 im
358 1752 621 1836 promiscuum
653 1773 695 1816 ac
728 1749 969 1836 frequentem
1002 1772 1109 1815 usum
1141 1751 1268 1817 venisse

48 1838 326 1922 Alexandrea
355 1857 390 1922 in
421 1857 580 1923 dicionem
610 1855 758 1922 redacta'
785 1859 904 1921 narrat
922 1859 1052 1921 auctore
1076 1857 1268 1943 Fenestella,

48 1968 217 2034 ‘luem
242 1968 353 2029 minen
376 1962 544 2029 manifesti
567 1964 602 2028 in
625 1985 663 2029 eo
688 1964 806 2029 erroris
830 1962 952 2048 arguit,
980 1964 1066 2047 quod
1090 1962 1268 2048 ‘primum

49 2070 265 2153 coepisse
297 2070 383 2137 circa
406 2068 542 2138 Sullana
568 2075 717 2155 tempora
744 2071 887 2136 minutas
916 2073 950 2135 et
976 2070 1057 2135 viles
1086 2071 1267 2157 tradiderit,

51 2186 193 2239 Cum
216 2176 325 2243 Aelius
347 2176 432 2244 Stilo
451 2177 644 2264 iugurthino
668 2178 754 2243 bello
777 2178 934 2243 unionum
952 2199 1069 2243 nomen
1089 2177 1267 2262 inpositum

52 2283 260 2349 maxime
286 2283 464 2371 grandibus
492 2285 678 2370 margaritis
706 2281 887 2369 prodat'.¹²)
939 2282 1032 2349 Vnde
1060 2286 1268 2368 consequitur

56 2402 205 2453 Sane
234 2391 298 2456 iam
332 2394 408 2456 ante
437 2389 517 2456 illud
544 2390 667 2455 bellum
694 2391 892 2455 minutarum
921 2394 954 2454 et
982 2389 1096 2454 vilium
1125 2391 1267 2474 aliquem

62 2491 246 2581 saltem,
267 2518 464 2582 quamquam
487 2496 632 2562 nondum
654 2497 873 2581 promiscuum
898 2519 935 2561 ao
959 2497 1173 2580 frequentem,
1204 2497 1267 2561 Ro-
1330 2504 1342 2527 ‘

66 2617 201 2663 mae
229 2624 317 2667 usum
348 2602 461 2667 fuisse.
515 2601 562 2667 At
593 2607 714 2686 quanto
747 2602 919 2666 intervallo
953 2602 994 2665 ab
1028 2603 1089 2667 hoc
1121 2606 1266 2687 tempore

72 2698 273 2772 Plautina
294 2713 384 2773 aetas
410 2709 523 2773 distat!
552 2708 622 2773 Hac
647 2713 756 2772 autem
779 2712 885 2773 aetate
910 2709 1095 2793 margaritis
1119 2708 1266 2794 (perinde

81 2829 148 2873 ae
186 2813 331 2901 gemmis)
354 2815 480 2879 nullum
503 2815 539 2879 in
562 2814 682 2880 mundo
707 2815 856 2879 muliebri
880 2814 987 2879 locum
1010 2815 1111 2879 fuisse
1135 2838 1208 2879 cum
1227 2838 1266 2880 ex

88 2934 154 2977 eo
198 2916 281 2985 facile
308 2921 459 3006 colligas,
487 2921 572 3004 quod
595 2921 629 2986 in
652 2921 720 2986 eius
744 2921 854 2985 mundi
878 2920 1148 3003 descriptionibus
1172 2920 1267 2986 Plau-

92 3020 223 3104 tinis,
239 3031 272 3092 ut
292 3049 389 3113 saepe
414 3027 485 3092 auri
509 3031 542 3091 et
564 3051 737 3112 purpurae,
760 3029 808 3092 ita
832 3028 1084 3111 margaritarum
1107 3049 1267 3111 nusquam

100 3123 203 3188 nlla
222 3135 332 3199 mentio
356 3136 403 3217 fit,
426 3139 496 3199 tum
516 3138 569 3200 sat
586 3138 674 3199 certo
694 3134 767 3199 inde
787 3134 968 3217 concludes,
991 3135 1077 3218 quod
1097 3134 1267 3199 decadem

107 3225 267 3306 luxuriae
284 3262 402 3327 genere
421 3262 488 3306 non
507 3241 613 3305 minus
632 3245 760 3305 tacetur
778 3241 814 3304 in
833 3240 904 3324 lege
924 3240 1029 3323 Oppia
1037 3237 1085 3325 ¹³),
1109 3264 1173 3326 qua
1191 3262 1266 3306 con-

115 3379 330 3412 χ-
377 3365 385 3375 .

202 3484 241 3553 12)
256 3486 380 3543 Permiro
399 3485 517 3541 artificio
537 3487 723 3541 Fenestellam
744 3489 841 3542 eontra
855 3487 978 3540 Plinium
992 3486 1118 3542 defendit
1133 3487 1266 3541 Poethius

124 3547 194 3613 ‘5⁸⁸-
212 3570 245 3630 tle
261 3575 420 3632 Fenestella
439 3576 492 3643 (ed.
513 3576 626 3630 Bonuae
647 3593 672 3630 a.
689 3577 767 3642 1849)
782 3595 809 3645 p.
828 3582 870 3641 38,
890 3576 1019 3630 immixta
1038 3577 1107 3629 duco
1127 3574 1265 3629 Salmasio

123 3630 219 3712 EQ·
239 3665 307 3720 Plin.
332 3665 370 3735 ‘p.
391 3664 454 3720 '148'
475 3663 572 3732 (immo
597 3683 624 3733 p.
643 3666 708 3733 82⁶2)
727 3682 762 3719 ea
782 3665 869 3719 ‘unio’
891 3664 967 3719 vocis
985 3662 1189 3734 significatione
1208 3680 1264 3730 qua

128 3733 229 3801 aequat
246 3770 346 3824 caepae
368 3753 521 3810 notionem.
548 3785 574 3793 -
603 3753 752 3808 Mercklini
770 3748 804 3808 de
824 3754 982 3809 Fenestella
1001 3751 1265 3808 commentationem

128 3821 273 3901 ”umanum
290 3842 356 3897 aas.

198 3944 242 4015 ¹³)
258 3949 351 4005 Monet
372 3968 418 4006 me
441 3953 536 4005 tamen
555 3949 705 4004 Mauricius
723 3948 854 4019 Voigtius
877 3968 932 4004 non
951 3948 1116 4018 pertinuisse
1134 3948 1207 4000 hanc
1226 3946 1264 4002 lc·

136 4018 193 4141 {⁸¹¹²
215 4037 250 4091 ad
267 4021 425 4110 peregrinas
443 4039 549 4116 Romae
568 4039 715 4109 degentes,
739 4039 849 4107 quando
868 4038 943 4108 apud
962 4039 1053 4108 ipsum
1072 4036 1183 4091 Livium
1203 4053 1263 4105 cap.

153 4111 191 4159 ’⁵
211 4119 351 4183 ‘ociorum
369 4126 453 4183 latini
472 4127 592 4182 nominis
611 4127 743 4182 uxoribus
762 4128 869 4195 eadem,
888 4143 959 4195 quac
974 4125 1107 4182 Romanis
1122 4125 1263 4196 adempta,

18 4238 29 4277 ·’,
143 4195 286 4269 ormmenta
303 4232 362 4272 csse
380 4216 521 4272 concessa'
542 4216 679 4271 dicuntur.
