<?xml version="1.0" encoding="UTF-8"?>
<!DOCTYPE html PUBLIC "-//W3C//DTD XHTML 1.0 Transitional//EN"
    "http://www.w3.org/TR/xhtml1/DTD/xhtml1-transitional.dtd">
<html xmlns="http://www.w3.org/1999/xhtml" xml:lang="en" lang="en">
 <head>
  <title>
</title>
<meta http-equiv="Content-Type" content="text/html;charset=utf-8" />
  <meta name='ocr-system' content='tesseract 3.04.00' />
  <meta name='ocr-capabilities' content='ocr_page ocr_carea ocr_par ocr_line ocrx_word'/>
</head>
<body>
  <div class='ocr_page' id='page_1' title='image "./fridericiritsch01wachgoog_0268.png"; bbox 0 0 2924 5046; ppageno 0'>
   <div class='ocr_carea' id='block_1_1' title="bbox 191 332 941 400">
    <p class='ocr_par' dir='ltr' id='par_1_1' title="bbox 191 332 941 400">
     <span class='ocr_line' id='line_1_1' title="bbox 191 332 941 400; baseline 0.004 -4"><span class='ocrx_word' id='word_1_1' title='bbox 191 332 258 396; x_wconf 77' lang='lat'>242</span> <span class='ocrx_word' id='word_1_2' title='bbox 581 352 617 398; x_wconf 83' lang='lat' dir='ltr'>ru</span> <span class='ocrx_word' id='word_1_3' title='bbox 642 352 750 398; x_wconf 63' lang='lat' dir='ltr'>urrann</span> <span class='ocrx_word' id='word_1_4' title='bbox 774 352 941 400; x_wconf 74' lang='lat' dir='ltr'>resanuit</span> 
     </span>
    </p>
   </div>
   <div class='ocr_carea' id='block_1_2' title="bbox 75 492 1311 2599">
    <p class='ocr_par' dir='ltr' id='par_1_2' title="bbox 75 492 1311 2599">
     <span class='ocr_line' id='line_1_2' title="bbox 191 492 1311 580; baseline 0.004 -25"><span class='ocrx_word' id='word_1_5' title='bbox 191 493 225 555; x_wconf 89' lang='lat' dir='ltr'>in</span> <span class='ocrx_word' id='word_1_6' title='bbox 249 492 368 556; x_wconf 71' lang='lat' dir='ltr'>collinis</span> <span class='ocrx_word' id='word_1_7' title='bbox 393 493 708 575; x_wconf 69' lang='lat' dir='ltr'>scripturarumque</span> <span class='ocrx_word' id='word_1_8' title='bbox 730 493 917 577; x_wconf 86' lang='lat' dir='ltr'>Schopeuus</span> <span class='ocrx_word' id='word_1_9' title='bbox 941 493 1096 580; x_wconf 86' lang='lat' dir='ltr'>pervidit)</span> <span class='ocrx_word' id='word_1_10' title='bbox 1117 494 1311 562; x_wconf 81' lang='lat' dir='ltr'>Parisinus.</span> 
     </span>
     <span class='ocr_line' id='line_1_3' title="bbox 191 597 1311 686; baseline 0.006 -25"><span class='ocrx_word' id='word_1_11' title='bbox 191 597 407 685; x_wconf 77' lang='lat' dir='ltr'>suppeditant</span> <span class='ocrx_word' id='word_1_12' title='bbox 439 604 491 663; x_wconf 87' lang='lat' dir='ltr'>sat</span> <span class='ocrx_word' id='word_1_13' title='bbox 523 598 703 684; x_wconf 80' lang='lat' dir='ltr'>eleganter,</span> <span class='ocrx_word' id='word_1_14' title='bbox 735 604 846 664; x_wconf 91' lang='lat' dir='ltr'>tamen</span> <span class='ocrx_word' id='word_1_15' title='bbox 880 602 921 665; x_wconf 87' lang='lat' dir='ltr'>ab</span> <span class='ocrx_word' id='word_1_16' title='bbox 952 600 1066 666; x_wconf 91' lang='lat' dir='ltr'>eodem</span> <span class='ocrx_word' id='word_1_17' title='bbox 1096 622 1155 686; x_wconf 93' lang='lat' dir='ltr'>pro</span> <span class='ocrx_word' id='word_1_18' title='bbox 1182 621 1216 667; x_wconf 84' lang='lat' dir='ltr'>ac</span> <span class='ocrx_word' id='word_1_19' title='bbox 1242 607 1311 667; x_wconf 78' lang='lat' dir='ltr'>tutu</span> 
     </span>
     <span class='ocr_line' id='line_1_4' title="bbox 189 705 1311 790; baseline 0.006 -23"><span class='ocrx_word' id='word_1_20' title='bbox 189 705 353 787; x_wconf 90' lang='lat' dir='ltr'>proditum</span> <span class='ocrx_word' id='word_1_21' title='bbox 388 706 526 786; x_wconf 77' lang='lat' dir='ltr'>refutare</span> <span class='ocrx_word' id='word_1_22' title='bbox 557 727 622 769; x_wconf 92' lang='lat' dir='ltr'>non</span> <span class='ocrx_word' id='word_1_23' title='bbox 654 711 764 790; x_wconf 87' lang='lat' dir='ltr'>potest</span> <span class='ocrx_word' id='word_1_24' title='bbox 795 728 861 772; x_wconf 90' lang='lat' dir='ltr'>non</span> <span class='ocrx_word' id='word_1_25' title='bbox 894 708 1059 774; x_wconf 91' lang='lat' dir='ltr'>oculorum</span> <span class='ocrx_word' id='word_1_26' title='bbox 1092 709 1194 773; x_wconf 87' lang='lat' dir='ltr'>errori</span> <span class='ocrx_word' id='word_1_27' title='bbox 1228 708 1311 774; x_wconf 87' lang='lat' dir='ltr'>tribu</span> 
     </span>
     <span class='ocr_line' id='line_1_5' title="bbox 167 810 1311 898; baseline 0.001 -23"><span class='ocrx_word' id='word_1_28' title='bbox 167 810 280 875; x_wconf 86' lang='lat' dir='ltr'>.Nihil</span> <span class='ocrx_word' id='word_1_29' title='bbox 305 813 391 876; x_wconf 90' lang='lat' dir='ltr'>enim</span> <span class='ocrx_word' id='word_1_30' title='bbox 414 814 451 876; x_wconf 91' lang='lat' dir='ltr'>ut</span> <span class='ocrx_word' id='word_1_31' title='bbox 474 812 513 876; x_wconf 88' lang='lat' dir='ltr'>de</span> <span class='ocrx_word' id='word_1_32' title='bbox 537 812 671 896; x_wconf 89' lang='lat' dir='ltr'>omisso,</span> <span class='ocrx_word' id='word_1_33' title='bbox 699 835 764 897; x_wconf 93' lang='lat' dir='ltr'>quo</span> <span class='ocrx_word' id='word_1_34' title='bbox 788 833 884 897; x_wconf 81' lang='lat' dir='ltr'>aegre</span> <span class='ocrx_word' id='word_1_35' title='bbox 907 836 1091 898; x_wconf 79' lang='lat' dir='ltr'>careamus,</span> <span class='ocrx_word' id='word_1_36' title='bbox 1119 835 1190 879; x_wconf 77' lang='lat' dir='ltr'>eane</span> <span class='ocrx_word' id='word_1_37' title='bbox 1212 836 1311 880; x_wconf 81' lang='lat' dir='ltr'>accus</span> 
     </span>
     <span class='ocr_line' id='line_1_6' title="bbox 188 917 1311 1000; baseline 0.005 -20"><span class='ocrx_word' id='word_1_38' title='bbox 188 917 256 981; x_wconf 89' lang='lat' dir='ltr'>tivo</span> <span class='ocrx_word' id='word_1_39' title='bbox 281 917 401 1000; x_wconf 71' lang='lat' dir='ltr'>rheam,</span> <span class='ocrx_word' id='word_1_40' title='bbox 429 939 488 982; x_wconf 89' lang='lat' dir='ltr'>nec</span> <span class='ocrx_word' id='word_1_41' title='bbox 511 940 622 982; x_wconf 88' lang='lat' dir='ltr'>verum</span> <span class='ocrx_word' id='word_1_42' title='bbox 646 923 697 983; x_wconf 91' lang='lat' dir='ltr'>est</span> <span class='ocrx_word' id='word_1_43' title='bbox 718 919 786 983; x_wconf 88' lang='lat' dir='ltr'>ullo</span> <span class='ocrx_word' id='word_1_44' title='bbox 811 919 907 984; x_wconf 91' lang='lat' dir='ltr'>modo</span> <span class='ocrx_word' id='word_1_45' title='bbox 931 921 982 983; x_wconf 89' lang='lat' dir='ltr'>vel</span> <span class='ocrx_word' id='word_1_46' title='bbox 1004 920 1146 985; x_wconf 89' lang='lat' dir='ltr'>refutare</span> <span class='ocrx_word' id='word_1_47' title='bbox 1169 921 1270 986; x_wconf 90' lang='lat' dir='ltr'>istam</span> <span class='ocrx_word' id='word_1_48' title='bbox 1294 920 1311 985; x_wconf 77' lang='lat' dir='ltr'>fi</span> 
     </span>
     <span class='ocr_line' id='line_1_7' title="bbox 189 1022 1309 1111; baseline 0.005 -25"><span class='ocrx_word' id='word_1_49' title='bbox 189 1045 276 1088; x_wconf 89' lang='lat' dir='ltr'>mam</span> <span class='ocrx_word' id='word_1_50' title='bbox 299 1022 487 1088; x_wconf 84' lang='lat' dir='ltr'>Terentium</span> <span class='ocrx_word' id='word_1_51' title='bbox 510 1025 562 1088; x_wconf 86' lang='lat' dir='ltr'>vel</span> <span class='ocrx_word' id='word_1_52' title='bbox 585 1025 667 1089; x_wconf 86' lang='lat' dir='ltr'>velle</span> <span class='ocrx_word' id='word_1_53' title='bbox 691 1024 840 1108; x_wconf 84' lang='lat' dir='ltr'>refutare,</span> <span class='ocrx_word' id='word_1_54' title='bbox 866 1025 923 1109; x_wconf 92' lang='lat' dir='ltr'>qui</span> <span class='ocrx_word' id='word_1_55' title='bbox 947 1026 1106 1111; x_wconf 86' lang='lat' dir='ltr'>largiatur</span> <span class='ocrx_word' id='word_1_56' title='bbox 1128 1026 1240 1111; x_wconf 89' lang='lat' dir='ltr'>potius</span> <span class='ocrx_word' id='word_1_57' title='bbox 1263 1028 1309 1092; x_wconf 89' lang='lat' dir='ltr'>ali</span> 
     </span>
     <span class='ocr_line' id='line_1_8' title="bbox 189 1129 1311 1213; baseline 0.006 -20"><span class='ocrx_word' id='word_1_58' title='bbox 189 1150 266 1193; x_wconf 89' lang='lat' dir='ltr'>num</span> <span class='ocrx_word' id='word_1_59' title='bbox 285 1129 443 1193; x_wconf 84' lang='lat' dir='ltr'>auxilium</span> <span class='ocrx_word' id='word_1_60' title='bbox 461 1129 557 1213; x_wconf 87' lang='lat' dir='ltr'>idque</span> <span class='ocrx_word' id='word_1_61' title='bbox 576 1134 708 1194; x_wconf 81' lang='lat' dir='ltr'>excuset</span> <span class='ocrx_word' id='word_1_62' title='bbox 725 1133 864 1212; x_wconf 89' lang='lat' dir='ltr'>tantum,</span> <span class='ocrx_word' id='word_1_63' title='bbox 886 1152 946 1195; x_wconf 87' lang='lat' dir='ltr'>nec</span> <span class='ocrx_word' id='word_1_64' title='bbox 965 1131 1096 1198; x_wconf 90' lang='lat' dir='ltr'>omnino</span> <span class='ocrx_word' id='word_1_65' title='bbox 1115 1137 1237 1199; x_wconf 90' lang='lat' dir='ltr'>cocunt</span> <span class='ocrx_word' id='word_1_66' title='bbox 1254 1135 1311 1200; x_wconf 82' lang='lat' dir='ltr'>inu</span> 
     </span>
     <span class='ocr_line' id='line_1_9' title="bbox 189 1236 1282 1321; baseline 0.006 -22"><span class='ocrx_word' id='word_1_67' title='bbox 189 1258 224 1299; x_wconf 84' lang='lat' dir='ltr'>se</span> <span class='ocrx_word' id='word_1_68' title='bbox 246 1239 429 1321; x_wconf 78' lang='lat' dir='ltr'>pugnantes</span> <span class='ocrx_word' id='word_1_69' title='bbox 453 1237 560 1301; x_wconf 76' lang='lat' dir='ltr'>leuiter</span> <span class='ocrx_word' id='word_1_70' title='bbox 582 1240 615 1300; x_wconf 92' lang='lat' dir='ltr'>et</span> <span class='ocrx_word' id='word_1_71' title='bbox 638 1236 735 1321; x_wconf 92' lang='lat' dir='ltr'>longe</span> <span class='ocrx_word' id='word_1_72' title='bbox 758 1236 937 1302; x_wconf 88' lang='lat' dir='ltr'>fortissima</span> <span class='ocrx_word' id='word_1_73' title='bbox 959 1237 1096 1319; x_wconf 71' lang='lat' dir='ltr'>restitere</span> <span class='ocrx_word' id='word_1_74' title='bbox 1117 1241 1282 1306; x_wconf 79' lang='lat' dir='ltr'>notiones</span> 
     </span>
     <span class='ocr_line' id='line_1_10' title="bbox 162 1333 1311 1433; baseline 0.004 -26"><span class='ocrx_word' id='word_1_75' title='bbox 162 1412 170 1421; x_wconf 63' lang='grc'><em>,</em></span> <span class='ocrx_word' id='word_1_76' title='bbox 278 1342 578 1424; x_wconf 70' lang='lat' dir='ltr'>pigritaremur</span> <span class='ocrx_word' id='word_1_77' title='bbox 598 1341 772 1409; x_wconf 87' lang='lat' dir='ltr'>Suetonius</span> <span class='ocrx_word' id='word_1_78' title='bbox 793 1333 936 1409; x_wconf 85' lang='lat' dir='ltr'>servavit</span> <span class='ocrx_word' id='word_1_79' title='bbox 949 1345 1046 1410; x_wconf 81' lang='lat' dir='ltr'>Hune</span> <span class='ocrx_word' id='word_1_80' title='bbox 1064 1369 1256 1432; x_wconf 87' lang='lat' dir='ltr'>pronomen,</span> <span class='ocrx_word' id='word_1_81' title='bbox 1280 1370 1311 1433; x_wconf 86' lang='lat' dir='ltr'>pr</span> 
     </span>
     <span class='ocr_line' id='line_1_11' title="bbox 190 1430 1311 1536; baseline 0.004 -23"><span class='ocrx_word' id='word_1_82' title='bbox 190 1471 253 1534; x_wconf 93' lang='lat' dir='ltr'>qno</span> <span class='ocrx_word' id='word_1_83' title='bbox 287 1451 321 1514; x_wconf 95' lang='lat' dir='ltr'>in</span> <span class='ocrx_word' id='word_1_84' title='bbox 353 1430 559 1514; x_wconf 81' lang='lat' dir='ltr'>Terentianis</span> <span class='ocrx_word' id='word_1_85' title='bbox 590 1449 697 1514; x_wconf 84' lang='lat' dir='ltr'>libris·</span> <span class='ocrx_word' id='word_1_86' title='bbox 715 1451 865 1515; x_wconf 89' lang='lat' dir='ltr'>omnibus</span> <span class='ocrx_word' id='word_1_87' title='bbox 897 1450 955 1516; x_wconf 82' lang='lat' dir='ltr'>Ad.</span> <span class='ocrx_word' id='word_1_88' title='bbox 987 1452 1069 1534; x_wconf 89' lang='lat' dir='ltr'>prol.</span> <span class='ocrx_word' id='word_1_89' title='bbox 1101 1453 1142 1517; x_wconf 91' lang='grc'>16</span> <span class='ocrx_word' id='word_1_90' title='bbox 1172 1453 1311 1536; x_wconf 82' lang='lat' dir='ltr'>proditu:</span> 
     </span>
     <span class='ocr_line' id='line_1_12' title="bbox 189 1555 1311 1644; baseline 0.004 -26"><span class='ocrx_word' id='word_1_91' title='bbox 189 1555 276 1644; x_wconf 79' lang='lat' dir='ltr'>Eum</span> <span class='ocrx_word' id='word_1_92' title='bbox 300 1555 488 1620; x_wconf 81' lang='lat' dir='ltr'>certissimis</span> <span class='ocrx_word' id='word_1_93' title='bbox 511 1555 550 1619; x_wconf 88' lang='lat' dir='ltr'>de</span> <span class='ocrx_word' id='word_1_94' title='bbox 569 1556 692 1620; x_wconf 83' lang='lat' dir='ltr'>caussis</span> <span class='ocrx_word' id='word_1_95' title='bbox 710 1555 971 1640; x_wconf 78' lang='lat' dir='ltr'>posthabendum</span> <span class='ocrx_word' id='word_1_96' title='bbox 995 1563 1054 1623; x_wconf 89' lang='lat' dir='ltr'>est.</span> <span class='ocrx_word' id='word_1_97' title='bbox 1090 1556 1176 1623; x_wconf 89' lang='lat' dir='ltr'>Nam</span> <span class='ocrx_word' id='word_1_98' title='bbox 1195 1560 1311 1642; x_wconf 84' lang='lat' dir='ltr'>primu</span> 
     </span>
     <span class='ocr_line' id='line_1_13' title="bbox 188 1662 1311 1749; baseline 0.004 -24"><span class='ocrx_word' id='word_1_99' title='bbox 188 1683 320 1745; x_wconf 88' lang='lat' dir='ltr'>prorsus</span> <span class='ocrx_word' id='word_1_100' title='bbox 350 1666 503 1728; x_wconf 80' lang='lat' dir='ltr'>constans</span> <span class='ocrx_word' id='word_1_101' title='bbox 534 1666 584 1726; x_wconf 91' lang='lat' dir='ltr'>est</span> <span class='ocrx_word' id='word_1_102' title='bbox 613 1663 648 1726; x_wconf 93' lang='lat' dir='ltr'>in</span> <span class='ocrx_word' id='word_1_103' title='bbox 675 1662 727 1726; x_wconf 90' lang='lat' dir='ltr'>his</span> <span class='ocrx_word' id='word_1_104' title='bbox 750 1663 910 1747; x_wconf 83' lang='lat' dir='ltr'>prologis,</span> <span class='ocrx_word' id='word_1_105' title='bbox 940 1668 1064 1730; x_wconf 92' lang='lat' dir='ltr'>utnon</span> <span class='ocrx_word' id='word_1_106' title='bbox 1089 1665 1155 1729; x_wconf 89' lang='lat' dir='ltr'>alio</span> <span class='ocrx_word' id='word_1_107' title='bbox 1177 1666 1244 1729; x_wconf 90' lang='lat' dir='ltr'>nisi</span> <span class='ocrx_word' id='word_1_108' title='bbox 1268 1666 1311 1749; x_wconf 76' lang='lat' dir='ltr'>ipi</span> 
     </span>
     <span class='ocr_line' id='line_1_14' title="bbox 188 1759 1311 1852; baseline 0 -20"><span class='ocrx_word' id='word_1_109' title='bbox 188 1759 249 1832; x_wconf 69' lang='lat' dir='ltr'>aa</span> <span class='ocrx_word' id='word_1_110' title='bbox 264 1769 456 1852; x_wconf 89' lang='lat' dir='ltr'>pronomine</span> <span class='ocrx_word' id='word_1_111' title='bbox 484 1772 583 1851; x_wconf 87' lang='lat' dir='ltr'>poeta</span> <span class='ocrx_word' id='word_1_112' title='bbox 606 1767 798 1832; x_wconf 88' lang='lat' dir='ltr'>declaretur:</span> <span class='ocrx_word' id='word_1_113' title='bbox 832 1769 922 1833; x_wconf 83' lang='lat' dir='ltr'>cuius</span> <span class='ocrx_word' id='word_1_114' title='bbox 946 1770 994 1833; x_wconf 90' lang='lat' dir='ltr'>rei</span> <span class='ocrx_word' id='word_1_115' title='bbox 1018 1769 1214 1834; x_wconf 90' lang='lat' dir='ltr'>documenta</span> <span class='ocrx_word' id='word_1_116' title='bbox 1235 1769 1311 1835; x_wconf 75' lang='lat' dir='ltr'>habi</span> 
     </span>
     <span class='ocr_line' id='line_1_15' title="bbox 189 1874 1311 1960; baseline 0.001 -20"><span class='ocrx_word' id='word_1_117' title='bbox 189 1876 222 1939; x_wconf 94' lang='lat' dir='ltr'>in</span> <span class='ocrx_word' id='word_1_118' title='bbox 245 1876 383 1960; x_wconf 87' lang='lat' dir='ltr'>prologo</span> <span class='ocrx_word' id='word_1_119' title='bbox 406 1874 577 1957; x_wconf 85' lang='lat' dir='ltr'>Adelphon</span> <span class='ocrx_word' id='word_1_120' title='bbox 600 1897 629 1938; x_wconf 86' lang='lat' dir='ltr'>v.</span> <span class='ocrx_word' id='word_1_121' title='bbox 657 1876 698 1938; x_wconf 89' lang='lat'>10</span> <span class='ocrx_word' id='word_1_122' title='bbox 719 1874 776 1956; x_wconf 78' lang='lat' dir='ltr'>hic,</span> <span class='ocrx_word' id='word_1_123' title='bbox 803 1876 842 1940; x_wconf 89' lang='lat'>18</span> <span class='ocrx_word' id='word_1_124' title='bbox 865 1875 924 1959; x_wconf 83' lang='lat' dir='ltr'>tic,</span> <span class='ocrx_word' id='word_1_125' title='bbox 947 1875 1090 1939; x_wconf 85' lang='lat' dir='ltr'>Andriae</span> <span class='ocrx_word' id='word_1_126' title='bbox 1117 1878 1156 1942; x_wconf 91' lang='lat'>18</span> <span class='ocrx_word' id='word_1_127' title='bbox 1179 1876 1273 1960; x_wconf 78' lang='lat' dir='ltr'>brine,</span> <span class='ocrx_word' id='word_1_128' title='bbox 1300 1879 1311 1941; x_wconf 85' lang='lat'>1</span> 
     </span>
     <span class='ocr_line' id='line_1_16' title="bbox 75 1980 1311 2069; baseline 0.003 -25"><span class='ocrx_word' id='word_1_129' title='bbox 75 2055 83 2069; x_wconf 90' lang='lat'><strong>.</strong></span> <span class='ocrx_word' id='word_1_130' title='bbox 187 1980 248 2064; x_wconf 78' lang='lat' dir='ltr'>uic,</span> <span class='ocrx_word' id='word_1_131' title='bbox 275 1981 425 2046; x_wconf 84' lang='lat' dir='ltr'>Eunuchi</span> <span class='ocrx_word' id='word_1_132' title='bbox 449 1981 493 2046; x_wconf 82' lang='lat'>35</span> <span class='ocrx_word' id='word_1_133' title='bbox 519 1980 712 2064; x_wconf 74' lang='lat' dir='ltr'>hiric-(nam</span> <span class='ocrx_word' id='word_1_134' title='bbox 740 1981 884 2064; x_wconf 91' lang='lat' dir='ltr'>paullum</span> <span class='ocrx_word' id='word_1_135' title='bbox 912 1982 1020 2047; x_wconf 86' lang='lat' dir='ltr'>differt</span> <span class='ocrx_word' id='word_1_136' title='bbox 1048 1982 1124 2046; x_wconf 88' lang='lat' dir='ltr'>ibid.</span> <span class='ocrx_word' id='word_1_137' title='bbox 1147 2006 1177 2048; x_wconf 86' lang='lat' dir='ltr'>v.</span> <span class='ocrx_word' id='word_1_138' title='bbox 1200 1983 1223 2048; x_wconf 83' lang='lat'><strong>3</strong></span> <span class='ocrx_word' id='word_1_139' title='bbox 1246 2005 1311 2067; x_wconf 81' lang='lat' dir='ltr'>poe</span> 
     </span>
     <span class='ocr_line' id='line_1_17' title="bbox 187 2086 1311 2172; baseline 0.004 -23"><span class='ocrx_word' id='word_1_140' title='bbox 187 2086 264 2172; x_wconf 77' lang='lat' dir='ltr'>irio),</span> <span class='ocrx_word' id='word_1_141' title='bbox 292 2087 444 2154; x_wconf 86' lang='lat' dir='ltr'>Heauton</span> <span class='ocrx_word' id='word_1_142' title='bbox 472 2089 689 2153; x_wconf 86' lang='lat' dir='ltr'>timorumenu</span> <span class='ocrx_word' id='word_1_143' title='bbox 715 2088 755 2152; x_wconf 90' lang='lat'>18</span> <span class='ocrx_word' id='word_1_144' title='bbox 783 2087 844 2170; x_wconf 79' lang='lat' dir='ltr'>bie,</span> <span class='ocrx_word' id='word_1_145' title='bbox 873 2089 915 2152; x_wconf 84' lang='lat'>23</span> <span class='ocrx_word' id='word_1_146' title='bbox 938 2088 1032 2170; x_wconf 71' lang='lat' dir='ltr'>lirino,</span> <span class='ocrx_word' id='word_1_147' title='bbox 1060 2089 1271 2156; x_wconf 91' lang='lat' dir='ltr'>Phormionis</span> <span class='ocrx_word' id='word_1_148' title='bbox 1298 2093 1311 2154; x_wconf 96' lang='lat' dir='ltr'>l</span> 
     </span>
     <span class='ocr_line' id='line_1_18' title="bbox 185 2193 1311 2281; baseline 0.004 -23"><span class='ocrx_word' id='word_1_149' title='bbox 185 2194 278 2277; x_wconf 72' lang='lat' dir='ltr'>breue,</span> <span class='ocrx_word' id='word_1_150' title='bbox 304 2196 344 2259; x_wconf 90' lang='grc'>19</span> <span class='ocrx_word' id='word_1_151' title='bbox 367 2195 424 2259; x_wconf 77' lang='lat' dir='ltr'>he&#39;c.</span> <span class='ocrx_word' id='word_1_152' title='bbox 469 2193 604 2259; x_wconf 81' lang='lat' dir='ltr'>Accedit</span> <span class='ocrx_word' id='word_1_153' title='bbox 627 2198 735 2259; x_wconf 90' lang='lat' dir='ltr'>autem</span> <span class='ocrx_word' id='word_1_154' title='bbox 759 2195 843 2279; x_wconf 92' lang='lat' dir='ltr'>quod</span> <span class='ocrx_word' id='word_1_155' title='bbox 867 2195 901 2258; x_wconf 93' lang='lat' dir='ltr'>in</span> <span class='ocrx_word' id='word_1_156' title='bbox 925 2197 970 2260; x_wconf 86' lang='lat' dir='ltr'>eis</span> <span class='ocrx_word' id='word_1_157' title='bbox 995 2197 1051 2279; x_wconf 91' lang='lat' dir='ltr'>qui</span> <span class='ocrx_word' id='word_1_158' title='bbox 1073 2197 1222 2280; x_wconf 84' lang='lat' dir='ltr'>proxime</span> <span class='ocrx_word' id='word_1_159' title='bbox 1246 2219 1311 2281; x_wconf 81' lang='lat' dir='ltr'>pra</span> 
     </span>
     <span class='ocr_line' id='line_1_19' title="bbox 188 2300 1311 2387; baseline 0.001 -21"><span class='ocrx_word' id='word_1_160' title='bbox 188 2302 306 2366; x_wconf 88' lang='lat' dir='ltr'>cedunt</span> <span class='ocrx_word' id='word_1_161' title='bbox 332 2302 479 2367; x_wconf 85' lang='lat' dir='ltr'>versibus</span> <span class='ocrx_word' id='word_1_162' title='bbox 503 2324 543 2366; x_wconf 89' lang='lat' dir='ltr'>ne</span> <span class='ocrx_word' id='word_1_163' title='bbox 567 2301 689 2367; x_wconf 88' lang='lat' dir='ltr'>mentio</span> <span class='ocrx_word' id='word_1_164' title='bbox 714 2300 843 2384; x_wconf 91' lang='lat' dir='ltr'>quidem</span> <span class='ocrx_word' id='word_1_165' title='bbox 868 2302 906 2365; x_wconf 90' lang='lat' dir='ltr'>fit</span> <span class='ocrx_word' id='word_1_166' title='bbox 928 2305 1059 2386; x_wconf 83' lang='lat' dir='ltr'>poetae,</span> <span class='ocrx_word' id='word_1_167' title='bbox 1088 2302 1128 2367; x_wconf 91' lang='lat' dir='ltr'>ad</span> <span class='ocrx_word' id='word_1_168' title='bbox 1152 2303 1246 2367; x_wconf 89' lang='lat' dir='ltr'>cuius</span> <span class='ocrx_word' id='word_1_169' title='bbox 1269 2325 1311 2387; x_wconf 87' lang='lat' dir='ltr'>pe</span> 
     </span>
     <span class='ocr_line' id='line_1_20' title="bbox 189 2404 915 2492; baseline -0.001 -20"><span class='ocrx_word' id='word_1_170' title='bbox 189 2430 303 2473; x_wconf 91' lang='lat' dir='ltr'>sonam</span> <span class='ocrx_word' id='word_1_171' title='bbox 326 2429 397 2472; x_wconf 85' lang='lat' dir='ltr'>eum</span> <span class='ocrx_word' id='word_1_172' title='bbox 420 2429 596 2492; x_wconf 90' lang='lat' dir='ltr'>pronomen</span> <span class='ocrx_word' id='word_1_173' title='bbox 619 2404 828 2492; x_wconf 84' lang='lat' dir='ltr'>referatur*).</span> <span class='ocrx_word' id='word_1_174' title='bbox 913 2422 915 2426; x_wconf 84' lang='grc'><strong>’</strong></span> 
     </span>
     <span class='ocr_line' id='line_1_21' title="bbox 134 2513 1311 2599; baseline -0.003 -19"><span class='ocrx_word' id='word_1_175' title='bbox 134 2548 174 2587; x_wconf 66' lang='lat'>50⁶</span> <span class='ocrx_word' id='word_1_176' title='bbox 278 2514 384 2580; x_wconf 87' lang='lat' dir='ltr'>Versu</span> <span class='ocrx_word' id='word_1_177' title='bbox 406 2514 424 2578; x_wconf 83' lang='lat'>8</span> <span class='ocrx_word' id='word_1_178' title='bbox 453 2515 606 2599; x_wconf 86' lang='lat' dir='ltr'>quoniam</span> <span class='ocrx_word' id='word_1_179' title='bbox 629 2535 660 2580; x_wconf 81' lang='lat' dir='ltr'>sc</span> <span class='ocrx_word' id='word_1_180' title='bbox 686 2535 865 2599; x_wconf 89' lang='lat' dir='ltr'>pronomen</span> <span class='ocrx_word' id='word_1_181' title='bbox 893 2537 912 2577; x_wconf 92' lang='lat' dir='ltr'>a</span> <span class='ocrx_word' id='word_1_182' title='bbox 940 2518 1048 2579; x_wconf 88' lang='lat' dir='ltr'>vetere</span> <span class='ocrx_word' id='word_1_183' title='bbox 1071 2513 1220 2579; x_wconf 86' lang='lat' dir='ltr'>Parisino</span> <span class='ocrx_word' id='word_1_184' title='bbox 1248 2536 1311 2599; x_wconf 83' lang='lat' dir='ltr'>pro:</span> 
     </span>
    </p>
   </div>
   <div class='ocr_carea' id='block_1_3' title="bbox 188 2670 1311 3007">
    <p class='ocr_par' dir='ltr' id='par_1_3' title="bbox 188 2670 1311 3007">
     <span class='ocr_line' id='line_1_22' title="bbox 259 2670 1311 2742; baseline -0.004 -14"><span class='ocrx_word' id='word_1_185' title='bbox 259 2673 284 2741; x_wconf 88' lang='grc'>*)</span> <span class='ocrx_word' id='word_1_186' title='bbox 303 2674 406 2728; x_wconf 87' lang='lat' dir='ltr'>Versus</span> <span class='ocrx_word' id='word_1_187' title='bbox 425 2671 549 2742; x_wconf 85' lang='lat' dir='ltr'>integros</span> <span class='ocrx_word' id='word_1_188' title='bbox 567 2671 681 2740; x_wconf 85' lang='lat' dir='ltr'>subieci,</span> <span class='ocrx_word' id='word_1_189' title='bbox 702 2674 734 2726; x_wconf 91' lang='lat' dir='ltr'>ut</span> <span class='ocrx_word' id='word_1_190' title='bbox 751 2671 805 2725; x_wconf 88' lang='lat' dir='ltr'>hac</span> <span class='ocrx_word' id='word_1_191' title='bbox 823 2670 1033 2739; x_wconf 82' lang='lat' dir='ltr'>opportunitate</span> <span class='ocrx_word' id='word_1_192' title='bbox 1052 2671 1311 2741; x_wconf 85' lang='lat' dir='ltr'>praetermissnmr</span> 
     </span>
     <span class='ocr_line' id='line_1_23' title="bbox 188 2763 671 2831; baseline -0.006 -13"><span class='ocrx_word' id='word_1_193' title='bbox 188 2763 343 2818; x_wconf 86' lang='lat' dir='ltr'>editoribus</span> <span class='ocrx_word' id='word_1_194' title='bbox 361 2778 481 2817; x_wconf 87' lang='lat' dir='ltr'>naevum</span> <span class='ocrx_word' id='word_1_195' title='bbox 500 2763 671 2831; x_wconf 84' lang='lat' dir='ltr'>abstergam:</span> 
     </span>
     <span class='ocr_line' id='line_1_24' title="bbox 367 2849 1052 2918; baseline -0.001 -15"><span class='ocrx_word' id='word_1_196' title='bbox 367 2850 407 2903; x_wconf 84' lang='lat' dir='ltr'>In</span> <span class='ocrx_word' id='word_1_197' title='bbox 426 2850 533 2905; x_wconf 83' lang='lat' dir='ltr'>Graeco</span> <span class='ocrx_word' id='word_1_198' title='bbox 552 2851 773 2916; x_wconf 60' lang='lat' dir='ltr'>aouaccu‘cu,</span> <span class='ocrx_word' id='word_1_199' title='bbox 792 2850 841 2918; x_wconf 77' lang='lat' dir='ltr'>qui</span> <span class='ocrx_word' id='word_1_200' title='bbox 859 2849 951 2903; x_wconf 75' lang='lat' dir='ltr'>lenoni</span> <span class='ocrx_word' id='word_1_201' title='bbox 969 2850 1052 2918; x_wconf 78' lang='lat' dir='ltr'>eripit</span> 
     </span>
     <span class='ocr_line' id='line_1_25' title="bbox 367 2936 1158 3007; baseline -0.001 -14"><span class='ocrx_word' id='word_1_202' title='bbox 367 2940 538 2994; x_wconf 67' lang='lat' dir='ltr'>Meretricem</span> <span class='ocrx_word' id='word_1_203' title='bbox 556 2940 588 2992; x_wconf 80' lang='lat' dir='ltr'>iu</span> <span class='ocrx_word' id='word_1_204' title='bbox 601 2939 697 3007; x_wconf 83' lang='lat' dir='ltr'>primu</span> <span class='ocrx_word' id='word_1_205' title='bbox 714 2939 821 3004; x_wconf 76' lang='lat' dir='ltr'>fabula.</span> <span class='ocrx_word' id='word_1_206' title='bbox 850 2954 910 2992; x_wconf 90' lang='lat' dir='ltr'>eum</span> <span class='ocrx_word' id='word_1_207' title='bbox 930 2936 1053 2991; x_wconf 83' lang='lat' dir='ltr'>Plautus</span> <span class='ocrx_word' id='word_1_208' title='bbox 1071 2937 1158 2992; x_wconf 84' lang='lat' dir='ltr'>locum</span> 
     </span>
    </p>
   </div>
   <div class='ocr_carea' id='block_1_4' title="bbox 98 3027 1311 4518">
    <p class='ocr_par' dir='ltr' id='par_1_4' title="bbox 98 3027 1311 4518">
     <span class='ocr_line' id='line_1_26' title="bbox 366 3027 1311 3098; baseline -0.003 -16"><span class='ocrx_word' id='word_1_209' title='bbox 366 3028 490 3098; x_wconf 76' lang='lat' dir='ltr'>Reliquit</span> <span class='ocrx_word' id='word_1_210' title='bbox 507 3029 652 3098; x_wconf 69' lang='lat' dir='ltr'>integrum.</span> <span class='ocrx_word' id='word_1_211' title='bbox 680 3043 740 3082; x_wconf 85' lang='lat' dir='ltr'>eum</span> <span class='ocrx_word' id='word_1_212' title='bbox 758 3029 802 3081; x_wconf 78' lang='lat' dir='ltr'>liic</span> <span class='ocrx_word' id='word_1_213' title='bbox 820 3027 908 3082; x_wconf 87' lang='lat' dir='ltr'>locum</span> <span class='ocrx_word' id='word_1_214' title='bbox 925 3027 1042 3095; x_wconf 72' lang='lat' dir='ltr'>surripuit</span> <span class='ocrx_word' id='word_1_215' title='bbox 1058 3028 1113 3080; x_wconf 80' lang='lat' dir='ltr'>sibi</span> <span class='ocrx_word' id='word_1_216' title='bbox 1302 3033 1311 3080; x_wconf 89' lang='lat'>1</span> 
     </span>
     <span class='ocr_line' id='line_1_27' title="bbox 331 3108 1150 3186; baseline -0.002 -15"><span class='ocrx_word' id='word_1_217' title='bbox 331 3108 338 3121; x_wconf 81' lang='lat'>&#39;</span> <span class='ocrx_word' id='word_1_218' title='bbox 366 3118 406 3172; x_wconf 86' lang='lat' dir='ltr'>Iu</span> <span class='ocrx_word' id='word_1_219' title='bbox 425 3117 571 3186; x_wconf 76' lang='lat' dir='ltr'>Adelphos,</span> <span class='ocrx_word' id='word_1_220' title='bbox 588 3117 702 3172; x_wconf 81' lang='lat' dir='ltr'>uerbum</span> <span class='ocrx_word' id='word_1_221' title='bbox 719 3117 752 3170; x_wconf 87' lang='lat' dir='ltr'>de</span> <span class='ocrx_word' id='word_1_222' title='bbox 769 3116 852 3170; x_wconf 82' lang='lat' dir='ltr'>uerbo</span> <span class='ocrx_word' id='word_1_223' title='bbox 870 3131 1025 3184; x_wconf 71' lang='lat' dir='ltr'>eeprmsum</span> <span class='ocrx_word' id='word_1_224' title='bbox 1043 3116 1150 3169; x_wconf 76' lang='lat' dir='ltr'>extulit.</span> 
     </span>
     <span class='ocr_line' id='line_1_28' title="bbox 367 3203 1037 3271; baseline -0.003 -13"><span class='ocrx_word' id='word_1_225' title='bbox 367 3205 441 3259; x_wconf 83' lang='lat' dir='ltr'>Eum</span> <span class='ocrx_word' id='word_1_226' title='bbox 458 3222 508 3260; x_wconf 81' lang='lat' dir='ltr'>noe</span> <span class='ocrx_word' id='word_1_227' title='bbox 526 3205 618 3259; x_wconf 79' lang='lat' dir='ltr'>acturi</span> <span class='ocrx_word' id='word_1_228' title='bbox 635 3220 729 3258; x_wconf 74' lang='lat' dir='ltr'>suerrus</span> <span class='ocrx_word' id='word_1_229' title='bbox 747 3219 861 3257; x_wconf 84' lang='lat' dir='ltr'>nouom:</span> <span class='ocrx_word' id='word_1_230' title='bbox 876 3203 1037 3271; x_wconf 81' lang='lat' dir='ltr'>pernoscite,</span> 
     </span>
     <span class='ocr_line' id='line_1_29' title="bbox 366 3293 993 3359; baseline -0.002 -11"><span class='ocrx_word' id='word_1_231' title='bbox 366 3294 523 3348; x_wconf 77' lang='lat' dir='ltr'>Furtumne</span> <span class='ocrx_word' id='word_1_232' title='bbox 540 3294 645 3359; x_wconf 81' lang='lat' dir='ltr'>foetum</span> <span class='ocrx_word' id='word_1_233' title='bbox 663 3294 830 3347; x_wconf 73' lang='lat' dir='ltr'>aeistumetra</span> <span class='ocrx_word' id='word_1_234' title='bbox 848 3311 886 3347; x_wconf 85' lang='lat' dir='ltr'>au</span> <span class='ocrx_word' id='word_1_235' title='bbox 904 3293 993 3347; x_wconf 74' lang='lat' dir='ltr'>loetum</span> 
     </span>
     <span class='ocr_line' id='line_1_30' title="bbox 349 3382 998 3452; baseline -0.003 -15"><span class='ocrx_word' id='word_1_236' title='bbox 349 3383 533 3452; x_wconf 81' lang='lat' dir='ltr'>-llepreuaum</span> <span class='ocrx_word' id='word_1_237' title='bbox 551 3384 599 3452; x_wconf 79' lang='lat' dir='ltr'>qui</span> <span class='ocrx_word' id='word_1_238' title='bbox 613 3383 782 3451; x_wconf 62' lang='lat' dir='ltr'>prouentus</span> <span class='ocrx_word' id='word_1_239' title='bbox 800 3382 998 3452; x_wconf 76' lang='lat' dir='ltr'>ucelepentiuet.</span> 
     </span>
     <span class='ocr_line' id='line_1_31' title="bbox 363 3470 1311 3540; baseline 0.001 -15"><span class='ocrx_word' id='word_1_240' title='bbox 363 3473 438 3525; x_wconf 83' lang='lat' dir='ltr'>Nom</span> <span class='ocrx_word' id='word_1_241' title='bbox 456 3471 529 3540; x_wconf 79' lang='lat' dir='ltr'>quod</span> <span class='ocrx_word' id='word_1_242' title='bbox 545 3471 594 3524; x_wconf 77' lang='lat' dir='ltr'>isti</span> <span class='ocrx_word' id='word_1_243' title='bbox 612 3470 709 3526; x_wconf 67' lang='lat' dir='ltr'>dicum</span> <span class='ocrx_word' id='word_1_244' title='bbox 726 3471 863 3540; x_wconf 74' lang='lat' dir='ltr'>maletuti,</span> <span class='ocrx_word' id='word_1_245' title='bbox 876 3472 1001 3526; x_wconf 78' lang='lat' dir='ltr'>homiues</span> <span class='ocrx_word' id='word_1_246' title='bbox 1018 3470 1122 3526; x_wconf 74' lang='lat' dir='ltr'>uolua</span> <span class='ocrx_word' id='word_1_247' title='bbox 1299 3477 1311 3526; x_wconf 83' lang='lat' dir='ltr'>l</span> 
     </span>
     <span class='ocr_line' id='line_1_32' title="bbox 364 3552 1029 3627; baseline 0.003 -14"><span class='ocrx_word' id='word_1_248' title='bbox 364 3561 448 3614; x_wconf 85' lang='lat' dir='ltr'>Eum</span> <span class='ocrx_word' id='word_1_249' title='bbox 467 3560 595 3614; x_wconf 75' lang='lat' dir='ltr'>adiutem</span> <span class='ocrx_word' id='word_1_250' title='bbox 614 3577 637 3614; x_wconf 91' lang='lat' dir='ltr'>e.</span> <span class='ocrx_word' id='word_1_251' title='bbox 656 3578 682 3627; x_wconf 88' lang='lat' dir='ltr'>q.</span> <span class='ocrx_word' id='word_1_252' title='bbox 702 3579 722 3614; x_wconf 91' lang='lat' dir='ltr'>s.</span> <span class='ocrx_word' id='word_1_253' title='bbox 1023 3552 1029 3562; x_wconf 76' lang='grc'><strong><em>’</em></strong></span> 
     </span>
     <span class='ocr_line' id='line_1_33' title="bbox 188 3646 1311 3719; baseline -0.005 -14"><span class='ocrx_word' id='word_1_254' title='bbox 188 3653 218 3705; x_wconf 91' lang='lat' dir='ltr'>ln</span> <span class='ocrx_word' id='word_1_255' title='bbox 237 3651 281 3705; x_wconf 91' lang='lat' dir='ltr'>his</span> <span class='ocrx_word' id='word_1_256' title='bbox 300 3650 388 3717; x_wconf 89' lang='lat' dir='ltr'>enim,</span> <span class='ocrx_word' id='word_1_257' title='bbox 413 3650 525 3719; x_wconf 87' lang='lat' dir='ltr'>praeter</span> <span class='ocrx_word' id='word_1_258' title='bbox 543 3647 618 3701; x_wconf 85' lang='lat' dir='ltr'>Eum</span> <span class='ocrx_word' id='word_1_259' title='bbox 636 3646 721 3715; x_wconf 89' lang='lat' dir='ltr'>illud,</span> <span class='ocrx_word' id='word_1_260' title='bbox 740 3649 790 3701; x_wconf 91' lang='lat' dir='ltr'>aut</span> <span class='ocrx_word' id='word_1_261' title='bbox 808 3649 978 3717; x_wconf 85' lang='lat' dir='ltr'>permolesta</span> <span class='ocrx_word' id='word_1_262' title='bbox 996 3650 1039 3703; x_wconf 87' lang='lat' dir='ltr'>eat</span> <span class='ocrx_word' id='word_1_263' title='bbox 1057 3648 1086 3701; x_wconf 90' lang='lat' dir='ltr'>et</span> <span class='ocrx_word' id='word_1_264' title='bbox 1104 3663 1204 3715; x_wconf 85' lang='lat' dir='ltr'>expers</span> <span class='ocrx_word' id='word_1_265' title='bbox 1222 3647 1311 3717; x_wconf 72' lang='lat' dir='ltr'>elegat</span> 
     </span>
     <span class='ocr_line' id='line_1_34' title="bbox 186 3735 1311 3805; baseline -0.004 -11"><span class='ocrx_word' id='word_1_266' title='bbox 186 3739 244 3794; x_wconf 90' lang='lat' dir='ltr'>tiae</span> <span class='ocrx_word' id='word_1_267' title='bbox 267 3738 380 3793; x_wconf 85' lang='lat' dir='ltr'>iteratio</span> <span class='ocrx_word' id='word_1_268' title='bbox 404 3737 552 3791; x_wconf 87' lang='lat' dir='ltr'>verborum</span> <span class='ocrx_word' id='word_1_269' title='bbox 576 3752 647 3803; x_wconf 89' lang='lat' dir='ltr'>quae</span> <span class='ocrx_word' id='word_1_270' title='bbox 670 3738 735 3789; x_wconf 91' lang='lat' dir='ltr'>sunt</span> <span class='ocrx_word' id='word_1_271' title='bbox 758 3752 818 3791; x_wconf 85' lang='lat' dir='ltr'>eum</span> <span class='ocrx_word' id='word_1_272' title='bbox 840 3737 927 3791; x_wconf 74' lang='lat' dir='ltr'>locuni</span> <span class='ocrx_word' id='word_1_273' title='bbox 945 3757 971 3791; x_wconf 88' lang='lat' dir='ltr'>v.</span> <span class='ocrx_word' id='word_1_274' title='bbox 991 3742 1007 3790; x_wconf 83' lang='lat'>9</span> <span class='ocrx_word' id='word_1_275' title='bbox 1026 3737 1056 3790; x_wconf 89' lang='lat' dir='ltr'>et</span> <span class='ocrx_word' id='word_1_276' title='bbox 1076 3741 1122 3804; x_wconf 88' lang='lat'>10,</span> <span class='ocrx_word' id='word_1_277' title='bbox 1145 3737 1197 3790; x_wconf 84' lang='lat' dir='ltr'>ant</span> <span class='ocrx_word' id='word_1_278' title='bbox 1214 3735 1260 3802; x_wconf 90' lang='lat' dir='ltr'>(de</span> <span class='ocrx_word' id='word_1_279' title='bbox 1278 3753 1311 3805; x_wconf 88' lang='lat' dir='ltr'>qu</span> 
     </span>
     <span class='ocr_line' id='line_1_35' title="bbox 186 3823 1311 3896; baseline 0.001 -16"><span class='ocrx_word' id='word_1_280' title='bbox 186 3826 269 3881; x_wconf 85' lang='lat' dir='ltr'>facile</span> <span class='ocrx_word' id='word_1_281' title='bbox 295 3826 434 3896; x_wconf 83' lang='lat' dir='ltr'>quispiam</span> <span class='ocrx_word' id='word_1_282' title='bbox 461 3825 577 3896; x_wconf 80' lang='lat' dir='ltr'>cogitet)</span> <span class='ocrx_word' id='word_1_283' title='bbox 604 3824 699 3879; x_wconf 90' lang='lat' dir='ltr'>dedita</span> <span class='ocrx_word' id='word_1_284' title='bbox 724 3842 809 3895; x_wconf 88' lang='lat' dir='ltr'>opera</span> <span class='ocrx_word' id='word_1_285' title='bbox 831 3826 921 3881; x_wconf 84' lang='lat' dir='ltr'>ascita</span> <span class='ocrx_word' id='word_1_286' title='bbox 944 3828 988 3880; x_wconf 86' lang='lat' dir='ltr'>cet</span> <span class='ocrx_word' id='word_1_287' title='bbox 1011 3826 1066 3881; x_wconf 91' lang='lat' dir='ltr'>hoc</span> <span class='ocrx_word' id='word_1_288' title='bbox 1085 3823 1311 3881; x_wconf 77' lang='lat' dir='ltr'>consiliantem</span> 
     </span>
     <span class='ocr_line' id='line_1_36' title="bbox 187 3911 1311 3988; baseline -0.002 -18"><span class='ocrx_word' id='word_1_289' title='bbox 187 3917 278 3988; x_wconf 88' lang='lat' dir='ltr'>ipsum</span> <span class='ocrx_word' id='word_1_290' title='bbox 296 3914 391 3971; x_wconf 89' lang='lat' dir='ltr'>locum</span> <span class='ocrx_word' id='word_1_291' title='bbox 409 3913 513 3982; x_wconf 88' lang='lat' dir='ltr'>solum,</span> <span class='ocrx_word' id='word_1_292' title='bbox 536 3929 588 3969; x_wconf 89' lang='lat' dir='ltr'>nec</span> <span class='ocrx_word' id='word_1_293' title='bbox 606 3913 755 3983; x_wconf 89' lang='lat' dir='ltr'>quicquam</span> <span class='ocrx_word' id='word_1_294' title='bbox 774 3916 921 3984; x_wconf 86' lang='lat' dir='ltr'>praeterea</span> <span class='ocrx_word' id='word_1_295' title='bbox 940 3913 1029 3982; x_wconf 85' lang='lat' dir='ltr'>aliud,</span> <span class='ocrx_word' id='word_1_296' title='bbox 1049 3931 1082 3968; x_wconf 88' lang='lat' dir='ltr'>ex</span> <span class='ocrx_word' id='word_1_297' title='bbox 1100 3911 1209 3983; x_wconf 88' lang='lat' dir='ltr'>Diphili</span> <span class='ocrx_word' id='word_1_298' title='bbox 1226 3928 1311 3968; x_wconf 80' lang='lat' dir='ltr'>como</span> 
     </span>
     <span class='ocr_line' id='line_1_37' title="bbox 186 3999 1311 4074; baseline -0.002 -16"><span class='ocrx_word' id='word_1_299' title='bbox 186 4005 234 4058; x_wconf 89' lang='lat' dir='ltr'>dia</span> <span class='ocrx_word' id='word_1_300' title='bbox 259 4005 408 4074; x_wconf 83' lang='lat' dir='ltr'>sumpsisse</span> <span class='ocrx_word' id='word_1_301' title='bbox 435 4002 488 4057; x_wconf 89' lang='lat' dir='ltr'>sibi</span> <span class='ocrx_word' id='word_1_302' title='bbox 513 4001 543 4056; x_wconf 92' lang='lat' dir='ltr'>in</span> <span class='ocrx_word' id='word_1_303' title='bbox 561 4003 704 4072; x_wconf 76' lang='lat' dir='ltr'>Adelphos</span> <span class='ocrx_word' id='word_1_304' title='bbox 730 4006 815 4073; x_wconf 82' lang='lat' dir='ltr'>poeta</span> <span class='ocrx_word' id='word_1_305' title='bbox 837 4003 1050 4074; x_wconf 89' lang='lat' dir='ltr'>significaretur.</span> <span class='ocrx_word' id='word_1_306' title='bbox 1087 4003 1126 4056; x_wconf 80' lang='lat' dir='ltr'>At</span> <span class='ocrx_word' id='word_1_307' title='bbox 1147 3999 1202 4057; x_wconf 82' lang='lat' dir='ltr'>tuli</span> <span class='ocrx_word' id='word_1_308' title='bbox 1218 4000 1311 4056; x_wconf 72' lang='lat' dir='ltr'>cornil</span> 
     </span>
     <span class='ocr_line' id='line_1_38' title="bbox 187 4088 1311 4164; baseline -0.003 -16"><span class='ocrx_word' id='word_1_309' title='bbox 187 4096 282 4164; x_wconf 86' lang='lat' dir='ltr'>aperte</span> <span class='ocrx_word' id='word_1_310' title='bbox 305 4093 377 4146; x_wconf 89' lang='lat' dir='ltr'>illud</span> <span class='ocrx_word' id='word_1_311' title='bbox 400 4094 540 4162; x_wconf 79' lang='lat' dir='ltr'>repugnat</span> <span class='ocrx_word' id='word_1_312' title='bbox 562 4091 649 4160; x_wconf 88' lang='lat' dir='ltr'>quod,</span> <span class='ocrx_word' id='word_1_313' title='bbox 674 4091 703 4145; x_wconf 92' lang='lat' dir='ltr'>iu</span> <span class='ocrx_word' id='word_1_314' title='bbox 722 4108 776 4159; x_wconf 92' lang='lat' dir='ltr'>quo</span> <span class='ocrx_word' id='word_1_315' title='bbox 795 4091 932 4147; x_wconf 86' lang='lat' dir='ltr'>vocabulo</span> <span class='ocrx_word' id='word_1_316' title='bbox 951 4091 1013 4162; x_wconf 87' lang='lat' dir='ltr'>ipsa</span> <span class='ocrx_word' id='word_1_317' title='bbox 1030 4090 1075 4146; x_wconf 81' lang='lat' dir='ltr'>vis</span> <span class='ocrx_word' id='word_1_318' title='bbox 1093 4088 1251 4146; x_wconf 80' lang='lat' dir='ltr'>sententiaa</span> <span class='ocrx_word' id='word_1_319' title='bbox 1268 4088 1311 4146; x_wconf 76' lang='lat' dir='ltr'>im</span> 
     </span>
     <span class='ocr_line' id='line_1_39' title="bbox 186 4177 1311 4251; baseline -0.002 -14"><span class='ocrx_word' id='word_1_320' title='bbox 186 4184 328 4251; x_wconf 86' lang='lat' dir='ltr'>oporteat,</span> <span class='ocrx_word' id='word_1_321' title='bbox 352 4182 379 4235; x_wconf 94' lang='lat' dir='ltr'>h.</span> <span class='ocrx_word' id='word_1_322' title='bbox 399 4200 423 4237; x_wconf 87' lang='lat' dir='ltr'>e.</span> <span class='ocrx_word' id='word_1_323' title='bbox 442 4198 514 4248; x_wconf 88' lang='lat' dir='ltr'>eum,</span> <span class='ocrx_word' id='word_1_324' title='bbox 540 4181 569 4234; x_wconf 91' lang='lat' dir='ltr'>id</span> <span class='ocrx_word' id='word_1_325' title='bbox 594 4181 624 4234; x_wconf 88' lang='lat' dir='ltr'>in</span> <span class='ocrx_word' id='word_1_326' title='bbox 649 4181 854 4249; x_wconf 88' lang='lat' dir='ltr'>pronuntiando</span> <span class='ocrx_word' id='word_1_327' title='bbox 881 4198 964 4236; x_wconf 86' lang='lat' dir='ltr'>versu</span> <span class='ocrx_word' id='word_1_328' title='bbox 981 4182 1052 4236; x_wconf 90' lang='lat' dir='ltr'>adeo</span> <span class='ocrx_word' id='word_1_329' title='bbox 1070 4177 1213 4236; x_wconf 78' lang='lat' dir='ltr'>delitescit</span> <span class='ocrx_word' id='word_1_330' title='bbox 1230 4180 1264 4233; x_wconf 83' lang='lat' dir='ltr'>nt</span> <span class='ocrx_word' id='word_1_331' title='bbox 1279 4192 1311 4235; x_wconf 83' lang='lat' dir='ltr'>uu</span> 
     </span>
     <span class='ocr_line' id='line_1_40' title="bbox 186 4266 1311 4338; baseline -0.001 -14"><span class='ocrx_word' id='word_1_332' title='bbox 186 4270 269 4325; x_wconf 92' lang='lat' dir='ltr'>modo</span> <span class='ocrx_word' id='word_1_333' title='bbox 288 4271 374 4325; x_wconf 91' lang='lat' dir='ltr'>ictum</span> <span class='ocrx_word' id='word_1_334' title='bbox 393 4286 449 4324; x_wconf 93' lang='lat' dir='ltr'>non</span> <span class='ocrx_word' id='word_1_335' title='bbox 468 4270 571 4325; x_wconf 88' lang='lat' dir='ltr'>habeat</span> <span class='ocrx_word' id='word_1_336' title='bbox 589 4270 638 4324; x_wconf 92' lang='lat' dir='ltr'>sed</span> <span class='ocrx_word' id='word_1_337' title='bbox 656 4287 690 4323; x_wconf 90' lang='lat' dir='ltr'>ne</span> <span class='ocrx_word' id='word_1_338' title='bbox 710 4269 847 4338; x_wconf 83' lang='lat' dir='ltr'>syllabam</span> <span class='ocrx_word' id='word_1_339' title='bbox 867 4269 979 4338; x_wconf 87' lang='lat' dir='ltr'>quidem</span> <span class='ocrx_word' id='word_1_340' title='bbox 994 4267 1106 4324; x_wconf 77' lang='lat' dir='ltr'>efficiat</span> <span class='ocrx_word' id='word_1_341' title='bbox 1139 4266 1216 4338; x_wconf 77' lang='lat' dir='ltr'>Ergo</span> <span class='ocrx_word' id='word_1_342' title='bbox 1233 4266 1311 4323; x_wconf 66' lang='lat' dir='ltr'>nil«</span> 
     </span>
     <span class='ocr_line' id='line_1_41' title="bbox 186 4352 1311 4429; baseline 0 -18"><span class='ocrx_word' id='word_1_343' title='bbox 186 4359 421 4429; x_wconf 87' lang='lat' dir='ltr'>transponendum</span> <span class='ocrx_word' id='word_1_344' title='bbox 445 4362 519 4414; x_wconf 87' lang='lat' dir='ltr'>erat:</span> <span class='ocrx_word' id='word_1_345' title='bbox 547 4360 607 4412; x_wconf 76' lang='lat' dir='ltr'>erim</span> <span class='ocrx_word' id='word_1_346' title='bbox 629 4359 716 4413; x_wconf 86' lang='lat' dir='ltr'>locum</span> <span class='ocrx_word' id='word_1_347' title='bbox 738 4358 783 4411; x_wconf 87' lang='lat' dir='ltr'>lu&#39;c</span> <span class='ocrx_word' id='word_1_348' title='bbox 800 4361 917 4427; x_wconf 77' lang='lat' dir='ltr'>sumpsit</span> <span class='ocrx_word' id='word_1_349' title='bbox 934 4358 996 4413; x_wconf 78' lang='lat' dir='ltr'>subt.</span> <span class='ocrx_word' id='word_1_350' title='bbox 1034 4355 1213 4427; x_wconf 72' lang='lat' dir='ltr'>Quamquam</span> <span class='ocrx_word' id='word_1_351' title='bbox 1229 4352 1311 4413; x_wconf 69' lang='lat' dir='ltr'>vell*</span> 
     </span>
     <span class='ocr_line' id='line_1_42' title="bbox 98 4441 1232 4518; baseline 0.004 -19"><span class='ocrx_word' id='word_1_352' title='bbox 98 4449 102 4457; x_wconf 90' lang='lat'>&#39;</span> <span class='ocrx_word' id='word_1_353' title='bbox 187 4447 280 4500; x_wconf 88' lang='lat' dir='ltr'>tamen</span> <span class='ocrx_word' id='word_1_354' title='bbox 300 4448 336 4502; x_wconf 90' lang='lat' dir='ltr'>ab</span> <span class='ocrx_word' id='word_1_355' title='bbox 354 4448 495 4518; x_wconf 82' lang='lat' dir='ltr'>elegantia</span> <span class='ocrx_word' id='word_1_356' title='bbox 513 4447 625 4515; x_wconf 89' lang='lat' dir='ltr'>quidem</span> <span class='ocrx_word' id='word_1_357' title='bbox 643 4463 744 4515; x_wconf 87' lang='lat' dir='ltr'>parum</span> <span class='ocrx_word' id='word_1_358' title='bbox 763 4446 1015 4503; x_wconf 80' lang='lat' dir='ltr'>commendationis</span> <span class='ocrx_word' id='word_1_359' title='bbox 1031 4444 1121 4501; x_wconf 71' lang='lat' dir='ltr'>lubet</span> <span class='ocrx_word' id='word_1_360' title='bbox 1134 4441 1232 4511; x_wconf 68' lang='lat' dir='ltr'>sint]</span> 
     </span>
    </p>
   </div>
   <div class='ocr_carea' id='block_1_5' title="bbox 0 0 1466 5046">
    <p class='ocr_par' dir='ltr' id='par_1_5' title="bbox 0 0 1466 5046">
     <span class='ocr_line' id='line_1_43' title="bbox 0 0 1466 5046; baseline 0 0"><span class='ocrx_word' id='word_1_361' title='bbox 0 0 1466 5046; x_wconf 95' lang='lat' dir='ltr'> </span> 
     </span>
    </p>
   </div>
  </div>
 </body>
</html>
