2924 5046
144 296 206 364 118
496 314 713 364 5555555555
736 316 922 366 susurrus.

141 462 277 542 apparet
307 480 373 523 non
404 460 489 524 inter
521 461 598 525 uina
630 461 727 527 modo
760 461 951 546 murrinam,
983 461 1039 526 sed
1066 462 1152 528 inter
1179 460 1266 529 dulci

140 586 267 649 quoque
297 566 526 633 nominatum'.
559 604 601 615 -
633 567 684 633 lbi
717 590 782 667 npn
815 570 949 635 alicuius
976 574 1092 653 poetae
1120 568 1265 635 Dosscnr

53 659 59 669 ’
140 673 239 736 verba
260 673 400 756 proferri
424 695 442 736 5
465 672 586 758 Plinio,
610 673 666 737 sed
689 674 757 738 sive
781 677 1029 759 grammaticum
1053 681 1110 742 aut
1133 678 1265 763 antiqua

139 778 224 843 rium
244 781 312 845 sive
332 780 411 845 iuris
431 780 614 844 consultum
626 777 650 865 ¹)
669 779 803 845 Fabium
824 780 1029 847 Dossennum
1048 778 1115 867 (vel
1130 780 1265 849 ‘Dorser

139 872 243 969 num',
265 890 304 951 ut
326 890 376 951 est
398 888 433 951 in
447 886 608 951 Vaticano
632 908 712 970 apr.
725 884 783 972 m.)
807 886 881 971 dici,
904 889 960 973 qui
981 911 1133 954 versuum
1156 889 1265 956 illorur

139 993 328 1060 testimonio
357 993 521 1058 murrinae
551 993 582 1057 h.
606 1014 632 1058 e.
656 993 722 1058 vini
745 1015 856 1058 murra
878 994 1001 1060 conditi
1024 996 1111 1080 apud
1134 996 1265 1082 antique

139 1122 234 1165 usum
258 1100 455 1185 probaverit,
479 1099 660 1186 significavi
682 1100 717 1164 in
740 1099 942 1183 praefatione
965 1100 1129 1188 Parergon
1152 1103 1265 1188 pXIl.

140 1208 241 1271 amice
264 1205 314 1291 (ut
337 1229 396 1292 pro
419 1207 487 1271 illis
510 1204 728 1292 temporibus)
752 1205 894 1272 monitus
918 1205 1106 1292 aBergkio.
1137 1208 1265 1275 Namn

139 1313 216 1398 quid
240 1335 340 1396 erres,
362 1315 415 1380 sed
435 1313 614 1397 particulae
637 1335 703 1378 non
726 1313 790 1378 alia
812 1313 862 1377 vis
886 1317 936 1377 est
957 1313 1022 1378 nisi
1045 1316 1095 1398 ut,
1117 1315 1208 1399 quod
1229 1317 1265 1381 51

139 1423 268 1483 tautum
287 1419 422 1498 credere,
441 1418 528 1483 idem
541 1419 731 1484 Dossennus
751 1419 878 1484 dicatur
893 1421 1092 1504 argumentis
1107 1421 1265 1488 decernes

141 1563 178 1572 -
206 1526 386 1611 Suppresso
411 1530 520 1591 autem
542 1527 674 1593 fabulae
697 1528 830 1592 nomine
854 1525 1082 1610 interpositum
1104 1527 1193 1592 inter
1210 1528 1265 1595 Per

139 1655 193 1698 sae
215 1633 386 1699 Plautinae
414 1632 612 1697 mentionem
642 1637 675 1697 et
697 1633 776 1696 item
798 1631 986 1697 Plautinum
1009 1631 1154 1698 fabulam
1178 1634 1265 1700 Ache

137 1740 306 1806 ristionem
330 1738 393 1825 (‘et
410 1742 450 1804 in
464 1737 532 1825 Af)
550 1739 776 1804 testimonium
795 1762 860 1805 non
879 1739 1007 1804 videtur
1026 1738 1170 1805 dubitari
1189 1763 1265 1825 poss

137 1847 216 1930 quin
237 1847 278 1912 ad
302 1847 436 1912 eundem
460 1849 591 1931 poetam
614 1845 818 1911 referendum
841 1846 898 1911 sit:
921 1833 1123 1930 quure'inter
1140 1848 1265 1914 incerta

137 1953 220 2018 sedis
262 1955 447 2041 fragmenta
487 1953 602 2036 recepi.
655 1989 692 1998 —
745 1952 924 2016 Pristinum
967 1955 1074 2017 autern
1117 1956 1265 2022 murrina

136 2059 231 2125 istius
258 2085 353 2128 usum
381 2084 454 2126 cum
478 2060 602 2125 Plinius
631 2060 677 2124 ait
704 2046 790 2123 ulios
816 2057 967 2122 Pseuduli
995 2078 1089 2121 versu
1118 2057 1265 2141 proboso«

136 2166 187 2230 his
216 2167 365 2231 accedere
388 2166 570 2231 Varronem
599 2188 616 2230 e
646 2170 774 2231 saturae
802 2164 909 2229 verbis
938 2166 1074 2248 apparet
1101 2185 1186 2248 quse
1208 2187 1265 2230 sun

137 2273 222 2356 apud
245 2271 389 2338 Nonium
412 2297 442 2357 p.
466 2272 541 2356 551,
566 2274 599 2337 7:
629 2271 832 2354 ‘murrina
860 2270 951 2355 potio
976 2269 1132 2335 confecta.
1178 2270 1265 2337 Vurr

138 2377 411 2458 Ἀνθρωποπόλειι
432 2401 518 2443 «non
535 2378 631 2444 modo
650 2379 763 2443 uinum
782 2377 868 2461 dure,
888 2377 943 2442 sed
962 2377 1072 2461 etiam,
1090 2381 1127 2442 nt
1145 2377 1265 2443 Plauto

137 2487 196 2570 515,
220 2486 412 2569 murrinum,
435 2506 580 2571 passum,
604 2481 829 2563 defrutum».²)
861 2522 897 2531 -
929 2484 1052 2550 Rursus
1076 2506 1115 2549 ex
1139 2484 1265 2550 eiusder

137 2593 293 2659 Varronis
322 2594 387 2659 alio
415 2592 606 2657 testimonio
634 2591 815 2675 probabilis
844 2591 883 2656 de
910 2590 946 2655 L.
969 2591 1065 2657 Aelio
1097 2592 1265 2658 coniectur

136 2702 206 2767 fiet:
240 2701 368 2786 quando
393 2699 473 2764 haec
496 2699 630 2764 nomina
653 2720 670 2762 e
694 2697 840 2763 codicum
863 2699 1022 2762 memoria
1044 2698 1154 2764 laelius
1178 2698 1265 2783 (pror

137 2831 192 2873 sus
215 2812 252 2873 ut
274 2808 361 2892 apud
385 2806 529 2872 Gellium
552 2805 613 2889 ΙΙΙ,
636 2805 666 2888 3,
683 2801 738 2895 12)
761 2807 850 2869 recto
875 2803 996 2869 iudicio
1021 2802 1265 2886 Van-Heusdip

136 2917 243 2981 effecit
266 2915 316 2980 ‘de
340 2914 376 2979 L.
400 2913 494 2978 Aelio
519 2909 660 2976 Stilone'
683 2933 713 2994 p.
737 2911 789 2975 37.
834 2908 921 2975 Nam
944 2932 1017 2974 curn
1040 2909 1127 2993 apud
1148 2907 1265 2975 Festur

136 3045 165 3105 p.
192 3023 264 3105 158,
287 3022 330 3085 22
353 3020 433 3084 haee
456 3019 617 3103 legantur:
651 3014 840 3080 ‘murrata
868 3016 1000 3100 potione
1029 3037 1105 3079 usos
1130 3016 1265 3100 antiquo

136 3128 255 3193 indicio
280 3131 338 3210 est,
361 3124 446 3212 quod
466 3127 563 3205 [cam]
585 3123 684 3187 etiam
702 3144 788 3186 nunc
812 3121 932 3186 aediles
951 3144 1010 3205 per
1028 3120 1265 3205 supplicatione

136 3236 187 3299 dis
217 3234 339 3299 addunt
370 3232 409 3296 ad
439 3230 637 3314 puluinaria,
670 3220 818 3311 et'quod
847 3225 911 3290 ΧΠ
935 3227 1056 3294 tabulis
1086 3232 1221 3293 cauetur
1242 3250 1265 3292 n

136 3344 264 3406 mortuo
293 3338 438 3421 indatur,
469 3341 506 3401 ut
533 3335 581 3400 ait
604 3333 709 3399 Varro
737 3333 772 3397 in
795 3332 1040 3418 Antiquitatum
1068 3334 1151 3399 libro
1176 3331 1219 3416 1’,
1249 3334 1265 3398 i

136 3451 290 3532 promptu
318 3449 369 3510 cst
390 3444 434 3523 ‚de
457 3442 545 3508 Aelii
569 3439 704 3507 Stilonis
732 3441 767 3505 in
795 3439 859 3504 XII
883 3441 1012 3506 tabulas
1040 3439 1265 3506 commentarii

136 3576 187 3583 ...-
209 3574 348 3581 ——-.-

209 3627 234 3693 1)
254 3623 296 3677 ud
316 3620 383 3677 iuris
401 3619 557 3675 consultum
578 3618 671 3687 potius
686 3616 778 3686 ipsum
792 3632 847 3683 quo
861 3614 969 3669 Plinius
984 3614 1072 3669 utitur
1087 3613 1265 3671 ‘decernendi

135 3713 265 3780 verbum,
292 3713 325 3765 ut
347 3709 491 3780 proprium
515 3706 596 3776 iuris,
625 3707 752 3775 spectare
775 3704 865 3759 visum
891 3706 935 3759 est
959 3702 1120 3760 doctissimo
1145 3703 1265 3775 conlega

136 3801 271 3856 Mauricio
290 3797 413 3869 Voigtio.

207 3895 234 3959 2)
258 3889 389 3944 Numeris
412 3885 589 3956 adstringens
612 3884 687 3939 sicca
704 3883 839 3938 Varronis
861 3883 949 3937 verba
967 3883 1109 3951 Roeperus
1130 3881 1177 3937 ‘de
1196 3882 1265 3938 Eun

136 3978 282 4049 Scipione'
303 3975 527 4047 (551·(1555515.
548 3977 627 4042 1868)
650 3991 677 4042 p.
698 3979 732 4027 14
755 3973 838 4027 tidem
857 3971 903 4025 vir
927 3970 1058 4026 inveniet.
1086 4001 1121 4010 -
1150 3969 1265 4028 (letetur

135 4068 233 4122 eodum
247 4066 381 4121 Pseuduli
398 4083 481 4121 versu
495 4063 613 4120 eundem
625 4062 777 4117 Varronem
797 4060 883 4115 etiarn
904 4060 950 4114 ‘do
968 4058 1029 4113 uita
1046 4059 1144 4128 populi
1158 4060 1265 4119 Romus

135 4155 206 4210 libro
227 4155 249 4209 1’
271 4173 350 4208 usum
369 4170 430 4208 esse
449 4170 483 4208 ex
502 4153 600 4208 eodcnr
620 4150 711 4205 Nonio
730 4168 757 4219 p.
773 4156 833 4217 551,
852 4155 882 4202 19
902 4147 1089 4217 intellegitur:
1108 4148 1187 4203 cuius
1208 4167 1265 4222 cap:

136 4246 173 4299 tis
192 4244 288 4298 turbas
307 4259 473 4312 componere
491 4241 678 4295 Buechelerus
698 4237 806 4292 studuit
823 4237 913 4291 Musei
932 4237 1020 4291 Rhen.
1035 4236 1101 4291 xlv
1120 4255 1147 4306 p.
1167 4244 1265 4310 44855

136 4334 280 4401 ignoratus
297 4348 315 4385 5
333 4332 467 4386 licttnero
486 4330 515 4384 iu
536 4327 679 4383 ‘Varronis
698 4327 732 4381 dc
751 4327 809 4381 vita
828 4345 854 4395 p.
871 4327 914 4380 ll.'
935 4326 1098 4396 fragmentis
1117 4327 1172 4394 (ed.
1192 4328 1265 4384 Hala

136 4440 161 4476 a.
184 4424 261 4490 18113)
280 4438 307 4489 p.
327 4428 370 4476 26.
