2924 5046
480 347 559 393 srvn
583 347 829 393 unnnonnnvur
853 349 956 394 nrum.
1225 334 1288 398 517

116 513 278 575 prorsus
297 491 498 572 incomperta
517 511 568 552 res
588 493 645 553 est.
679 487 830 553 Ceterum
850 490 953 554 altero
972 492 1042 555 loco
1063 492 1121 555 illo
1141 492 1289 558 Pliniano

121 598 300 684 qnoniam
323 594 481 660 Varronis
511 596 589 658 item
621 596 740 660 mentio
770 597 808 658 fit
838 597 916 677 §4,
946 596 979 660 in
1003 601 1155 681 promptu
1180 603 1229 663 est
1252 599 1291 665 de

119 704 400 787 Disciplinarum
427 702 519 766 libris
548 703 704 786 cogitare,
735 724 871 786 quorum
895 707 1041 785 octavus,
1073 705 1126 787 qui
1151 706 1212 768 fuit
1235 705 1290 770 ‘de

119 808 329 885 medicina'‚
352 809 420 872 illic
444 808 635 891 explicatam
661 810 829 872 materiam
853 811 1058 892 suppeditare
1082 813 1196 893 potnit.

230 917 348 981 Paullo
377 916 475 979 etiarn
502 916 576 998 plus
608 916 695 997 fidei,
723 915 787 979 nisi
818 915 975 996 fallimur,
1006 919 1290 982 statuariorum

119 1023 323 1089 hebdomas
347 1020 446 1085 habet
470 1021 602 1085 Henrici
621 1020 758 1085 Brunnii
781 1021 886 1085 nostri
911 1022 1057 1085 acumine
1081 1022 1233 1106 indagata
1256 1025 1290 1089 in

119 1126 283 1195 XXXIV
306 1128 392 1193 libro
410 1126 519 1192 Plinii.
557 1126 656 1191 Cuius
680 1127 718 1189 de
743 1131 813 1190 arte
836 1127 893 1190 illa
917 1127 1074 1210 clarisque
1099 1131 1131 1192 in
1155 1152 1193 1193 ea
1212 1132 1288 1194 arti·

125 1237 259 1302 ficibus
291 1232 369 1320 (non
405 1235 444 1298 de
476 1232 643 1318 operibus)
674 1235 793 1298 iudicia
823 1235 928 1299 bonae
960 1234 1064 1319 frugis
1095 1236 1190 1319 plena
1217 1259 1288 1300 cum

123 1366 205 1408 mon
237 1342 296 1406 alii
322 1341 387 1405 nisi
411 1339 552 1405 Varroni
580 1340 690 1404 deberi
719 1341 800 1404 satis
828 1364 866 1403 ca
890 1341 1068 1423 disputatio
1093 1344 1289 1425 persuaserit

127 1471 239 1533 quam
268 1447 303 1511 in
325 1446 418 1510 Actis
443 1469 506 1510 soc.
526 1446 598 1511 Sar.
623 1448 700 1511 anni
728 1448 811 1511 1850
834 1469 853 1509 a
876 1468 948 1531 pag.
976 1450 1036 1512 127
1063 1448 1103 1512 ad
1130 1449 1190 1512 136
1215 1449 1288 1513 lah·

127 1555 213 1618 nius
238 1553 408 1636 pertexuit,
431 1554 540 1615 tamen
563 1550 619 1615 illa
643 1552 728 1634 quod
752 1574 768 1614 e
791 1550 884 1615 libris
904 1552 954 1616 ‘de
973 1553 1171 1637 proprietate
1190 1555 1288 1637 serip-

127 1659 270 1725 torum'
302 1682 321 1723 a
348 1657 496 1722 Varrone
528 1658 625 1722 factis
658 1660 861 1741 repetuntur,
894 1658 925 1722 id
954 1664 1068 1743 suapte
1096 1665 1213 1724 natura
1241 1660 1288 1725 ita

132 1771 367 1850 comparatum
400 1770 451 1829 est
479 1768 527 1846 ut,
561 1766 690 1829 etiarnsi
719 1764 868 1848 redargui
896 1769 984 1829 certa
1012 1765 1288 1831 demonstratione

136 1878 297 1957 nequeat,
323 1877 433 1936 tamen
456 1893 496 1934 ne
519 1875 625 1936 certae
650 1871 937 1936 commendationis
961 1873 1092 1955 quidem
1116 1874 1287 1956 quicquam

136 1981 272 2060 habeat,
297 1980 331 2043 iu
354 1982 447 2042 tanta
469 1977 659 2061 praesertim
684 1978 876 2061 argumenti,
899 2000 963 2061 quo
988 2000 1041 2042 eos
1067 1979 1168 2043 libros
1187 1979 1287 2043 fuisse

136 2086 331 2170 suspiceris
362 2086 570 2150 obscuritate.
622 2083 711 2167 Ergo
745 2084 785 2146 ab
816 2083 918 2166 ipsius
949 2082 1054 2146 lahuii
1086 2084 1287 2166 expositione

136 2192 306 2277 profectus
329 2192 494 2256 Brunnius
524 2190 623 2254 talem
651 2190 733 2271 fere,
762 2191 888 2273 qualem
913 2190 1034 2254 nostris
1058 2190 1164 2254 verbis
1188 2191 1287 2274 expli·

136 2303 250 2364 catam
281 2297 490 2380 subiecimus,
520 2296 802 2360 ratiocinationem
831 2296 998 2361 nobiscum
1028 2297 1286 2363 communicavit.

137 2405 275 2472 Etenim
307 2409 375 2469 tres
408 2403 581 2467 tenendum
615 2424 683 2466 esse
716 2402 822 2466 omnis
856 2402 1087 2485 disputationis
1119 2400 1287 2469 Plinianae

138 2516 255 2596 partes
278 2532 359 2593 esse,
381 2509 537 2574 discretas
560 2509 647 2572 inter
670 2532 703 2573 se
722 2513 835 2591 utpote
854 2530 871 2570 e
891 2508 1026 2571 diversis
1044 2509 1190 2572 fontibus
1210 2509 1287 2573 hau-

137 2624 223 2683 stas:
253 2618 393 2700 primam
417 2615 545 2699 quidem
569 2614 845 2697 chronologicam:
878 2615 1031 2690 alteram,
1054 2636 1135 2696 qnae
1159 2638 1178 2679 a
1201 2620 1220 2693 ξ
1244 2618 1287 2680 54

135 2723 300 2808 incipiens
332 2723 365 2785 in
398 2720 605 2804 designandis
636 2720 716 2783 artis
747 2720 945 2803 principibus
974 2724 1046 2784 tota
1073 2723 1286 2786 consumitur:

136 2829 284 2911 tertiam,
307 2828 397 2893 cuius
421 2827 549 2891 initium
573 2826 610 2889 fit
634 2829 692 2905 1ιᾷ
713 2827 764 2908 12,
788 2824 1035 2909 alphabeticam.
1072 2825 1197 2890 Harum
1217 2850 1286 2910 par·

135 2936 221 3000 tium
254 2932 373 3015 media,
402 2955 500 3016 quam
528 2955 594 2996 non
623 2932 786 2995 immerito
816 2931 1106 3014 paradigmaticam
1135 2932 1237 3015 dicas,
1267 2956 1286 2997 a

136 3042 225 3122 §54
246 3039 286 3104 ad
305 3040 346 3103 67
371 3040 512 3122 quinque
537 3039 711 3103 statuarios
734 3039 894 3102 recenseri
914 3037 1108 3122 iudicarique
1128 3039 1286 3124 Phidiam,

137 3146 350 3230 Polyclitum,
368 3144 547 3228 Myronem,
565 3144 797 3229 Pythagoram,
816 3144 1003 3228 Lysippum.
1037 3144 1087 3208 Ad
1106 3144 1286 3211 Varronem

135 3255 220 3318 baec
235 3253 376 3335 quinque
391 3250 510 3314 iudicia
526 3254 611 3314 recte
626 3250 751 3313 referri:
766 3250 908 3314 indidem
924 3250 1025 3334 igitur
1035 3254 1284 3316 consentaneum

139 3381 213 3424 esse
244 3358 342 3422 etiam
370 3379 425 3421 eas
454 3378 534 3440 quae
561 3356 705 3439 reliquae
734 3361 810 3420 sunt
839 3356 1061 3440 paragraphos
1086 3357 1214 3421 68--71
1240 3380 1285 3421 re

136 3466 216 3549 peti.
263 3465 352 3540 Quae
381 3466 535 3547 quattuor
564 3463 759 3545 paragraphi
784 3484 856 3526 cum
879 3464 913 3526 in
937 3461 1129 3546 Telephanis
1154 3467 1186 3526 et
1208 3464 1284 3528 Pra-

136 3570 259 3653 xitelis,
284 3570 516 3634 statuariorum
534 3569 621 3652 item,
644 3568 795 3633 laudibus
816 3574 991 3649 uersentur,
1011 3573 1136 3650 septem
1155 3570 1284 3651 prodire

136 3677 234 3743 unius
258 3676 386 3760 generis
411 3675 566 3759 artifices,
589 3676 703 3759 quibus
727 3679 853 3758 partem
877 3675 1164 3758 paradigmaticam
1186 3674 1284 3738 Plinii
1299 3692 1320 3730 x

138 3804 269 3849 omnem
302 3781 458 3846 concludi.
510 3780 581 3858 Quo
615 3784 665 3845 sat
698 3801 793 3865 grave
826 3781 981 3844 indicium
1013 3781 1082 3844 ficri
1115 3782 1160 3845 eis
1193 3782 1284 3845 libris

138 3889 299 3954 Varronis
330 3888 365 3951 in
395 3887 451 3950 illa
479 3891 571 3969 parte
600 3886 832 3952 conscribenda
856 3887 997 3950 Plinium
1022 3909 1114 3949 usum
1139 3908 1221 3970 esse,
1250 3887 1284 3951 in

139 3995 256 4082 quibus
289 3995 359 4076 ipse
392 3995 594 4076 septenarius
627 4015 779 4056 numerus
810 3993 976 4076 regnabat.
1027 3978 1206 4057 Fatendum
1236 3998 1284 4057 est

140 4123 217 4166 sane
248 4098 480 4184 ignobiliorem
507 4099 639 4182 reliquis
662 4098 880 4191 Telephanem
908 4099 1085 4182 exstitisse,
1117 4103 1150 4162 et
1176 4099 1282 4163 fassus

139 4211 188 4271 est
213 4206 340 4270 Plinius
372 4205 442 4287 ipse
469 4227 535 4269 non
563 4206 632 4269 sine
661 4205 844 4269 mirationis
873 4206 1010 4287 quadam
1039 4205 1283 4289 significatione,

140 4315 173 4378 in
195 4315 288 4396 parte
312 4315 421 4375 autem
444 4311 672 4396 chronologica
694 4334 734 4375 ne
759 4316 1065 4375 commemoraverat
1084 4310 1225 4394 quidem:
1250 4315 1284 4375 at

143 4420 277 4485 eundem
300 4422 410 4483 tamen
433 4419 518 4484 idem
536 4419 661 4484 Plinius
686 4418 776 4482 addit
798 4439 907 4482 eorum
932 4417 1104 4504 suffragiis,
1126 4416 1180 4501 qui
1199 4440 1282 4482 com-
