2888 5040
220 322 285 384 348
492 340 731 398 ovrlnsmouas
757 340 1090 388 ononsronocronn.

220 503 359 562 aequora
384 480 530 566 Mylae'),
557 483 594 545 ad
619 483 711 546 illam
736 487 843 547 antem
868 484 1052 567 analogiam
1074 484 1259 546 formatum
1285 482 1376 566 apud

221 585 368 650 Servium
388 587 532 651 Danielis
557 589 590 651 in
610 588 690 652 Aen.
709 589 799 671 VIII,
818 590 898 654 682:
923 589 1013 653 ‘nam
1037 586 1219 675 (Agrippa)
1246 594 1284 653 et
1303 587 1378 654 Sex.

219 690 408 776 Pompeium
433 693 517 777 apud
541 694 685 759 bloelas
709 697 779 779 ipse
802 695 946 760 devicit'.

234 806 242 817 ⁸
310 819 338 883 7.
375 818 611 901 Recuperatam
644 825 677 884 et
709 821 922 885 ratiocinandi
953 821 1189 904 probabilitate
1220 820 1309 884 satis
1341 825 1380 883 nt

220 925 335 1006 opinor
357 925 520 989 firmatam
540 926 842 991 Antamoenides
866 927 1005 991 formam
1024 948 1090 990 non
1109 930 1300 990 esttamen
1320 947 1378 990 cnr

220 1030 373 1094 continno
402 1031 443 1093 ab
472 1031 544 1114 ipsa
566 1031 673 1095 Plauti
702 1055 797 1096 mann
826 1036 1021 1116 repetamus.
1067 1032 1153 1097 Nam
1184 1032 1279 1096 hunc
1311 1054 1378 1096 non

220 1136 350 1199 brevem
374 1141 501 1200 tantum
525 1160 543 1201 υ
569 1138 712 1202 vocalem
737 1144 773 1202 nt
796 1140 828 1202 in
852 1139 953 1203 Surus
975 1139 1122 1221 attrabata,
1146 1139 1203 1202 sed
1231 1138 1271 1203 in
1294 1159 1380 1203 seton

216 1242 339 1323 laburdo
362 1244 511 1307 Lasileles
539 1248 571 1306 et
599 1244 756 1325 parilibus
781 1247 879 1308 etima
903 1247 1034 1329 longam
1058 1248 1255 1309 constanter
1279 1267 1303 1309 11
1326 1246 1379 1310 lit·

147 1366 207 1425 vm
222 1352 291 1411 tera
314 1350 466 1413 extulisse
491 1373 562 1413 cnm
587 1350 742 1415 librorum
767 1352 923 1416 memoria
947 1352 1059 1415 suadet
1082 1357 1118 1414 nt
1142 1350 1380 1433 credamus,e

221 1455 337 1537 quibus
365 1478 404 1519 ne
433 1456 657 1520 tenuissimum
687 1458 814 1541 quidem
838 1457 1010 1540 vestigium
1035 1457 1170 1521 memini
1195 1458 1291 1540 quod
1314 1481 1381 1523 non

222 1565 278 1624 ant
307 1561 346 1624 ad
372 1584 391 1624 n
415 1566 472 1625 ant
495 1562 535 1625 ad
557 1583 577 1643 p
600 1563 651 1626 vel
677 1566 688 1626 ι’
712 1564 906 1645 scripturam
930 1567 1062 1645 spectet,
1085 1568 1156 1626 tum
1181 1562 1225 1627 de'
1251 1564 1383 1649 aliquot

179 1689 184 1700 ·
223 1667 398 1750 vocabulis,
421 1669 455 1731 in
477 1667 528 1730 his
553 1668 591 1730 de
615 1669 725 1733 Messio
748 1668 894 1734 Donatus
919 1669 952 1732 in
976 1667 1123 1751 Hecyrae
1149 1669 1175 1752 I,
1198 1671 1293 1754 2,·8,
1317 1672 1383 1755 ipsi

222 1777 345 1836 veteres
368 1776 573 1857 grammatici
599 1778 772 1856 testantur,
800 1780 870 1838 tum
894 1775 1029 1838 fortiore
1052 1773 1152 1837 etiarn
1178 1782 1383 1861 argumento

222 1901 259 1942 ea
282 1881 518 1957 nopovonocioe
542 1881 689 1964 exempla
713 1880 907 1964 persuadent
930 1902 1012 1964 quac
1035 1880 1112 1945 alibi
1137 1881 1382 1966 insignivimus

222 1985 254 2048 in
279 1985 475 2051 Bacchidum
499 2010 526 2050 v.
554 1987 624 2050 1⁶29.
648 1987 728 2051 362:

355 2125 429 2191 Non
454 2127 558 2192 omnis
583 2133 681 2209 aetas,
704 2126 802 2210 Lude,
823 2127 899 2191 ludo
923 2127 1081 2192 conuenit.

355 2233 527 2316 Facietque
552 2235 713 2317 extemplo
738 2232 938 2298 Crucisalum
963 2256 1014 2298 me
1038 2257 1076 2298 ex
1100 2233 1258 2301 Orusalo.

221 2391 289 2456 Nec
314 2393 523 2477 epigraplriea
547 2395 756 2457 monumenta
776 2394 894 2457 saeculi
913 2392 954 2456 ab
973 2416 1003 2457 n.
1022 2416 1047 2457 c.
1066 2394 1203 2476 septimi
1225 2395 1330 2460 aliam
1350 2396 1383 2459 in

222 2505 346 2583 partem
380 2500 437 2563 nlli
470 2499 590 2562 indicio
624 2504 706 2564 sunt.
756 2499 870 2584 ltaque
903 2522 1035 2582 prorsus
1067 2522 1134 2564 non
1168 2500 1383 2582 haberemus,

223 2611 332 2670 ntrnm
356 2607 395 2669 ad
415 2606 506 2670 Accii
530 2611 587 2669 arnt
610 2605 726 2670 Lucilii
751 2606 977 2671 anctoritatem
1001 2630 1043 2671 an
1066 2607 1106 2670 ad
1129 2605 1309 2672 Sullanam
1333 2630 1382 2672 ae·

223 2717 323 2776 tatem
352 2735 393 2776 an
418 2714 457 2777 ad
482 2715 715 2797 imperatorum
738 2718 885 2796 tempora
908 2714 997 2777 illam
1021 2734 1054 2776 oc
1076 2713 1283 2796 scripturam
1309 2737 1382 2779 cnm

222 2820 330 2901 aliqua
363 2820 595 2902 probabilitate
624 2818 828 2901 referremus,
861 2820 923 2883 nisi
951 2823 1058 2883 tamen
1087 2817 1218 2901 aliquid
1248 2821 1284 2884 in
1310 2844 1381 2891 eam

221 2926 444 3008 quaestionem
476 2927 556 2990 lueis
588 2950 604 2990 e
632 2926 809 2990 Moesorum
840 2926 1002 2990 mentione
1030 2924 1242 2990 redundaret.
1291 2927 1381 3004 Quos

222 3033 276 3116 qni
308 3033 367 3097 hac
398 3033 539 3097 nominis
570 3034 675 3095 forma
705 3031 828 3114 primns
858 3031 943 3114 qnod
971 3053 1054 3095 nnnc
1079 3031 1225 3096 sciamus
1250 3033 1382 3116 dixerst,

222 3160 280 3202 nee
304 3137 421 3202 Strabo
450 3141 500 3201 est
528 3161 586 3202 nec
615 3139 698 3201 libro
723 3135 888 3201 CXXXIV
918 3137 1044 3218 Livius,
1071 3135 1127 3199 sed
1160 3160 1181 3200 a
1213 3136 1381 3204 Strabone

222 3252 491 3308 commemoratus
513 3242 704 3307 Posidonius
724 3243 880 3327 Rhodius,
905 3266 1000 3327 quem
1023 3246 1154 3307 constat
1179 3244 1243 3309 snb
1268 3245 1380 3330 ipsum

222 3350 352 3413 initium
378 3351 497 3414 saeculi
523 3351 628 3414 octavi
649 3350 784 3414 Romam
809 3351 944 3416 venisse.
976 3349 1061 3414 Nam
1082 3350 1144 3413 etsi
1163 3372 1185 3413 a
1201 3347 1381 3416 Strabonis

225 3479 283 3520 nsu
303 3463 336 3520 ot
353 3457 470 3521 notItia
485 3457 598 3521 Monoi
617 3458 755 3521 formam
775 3479 907 3540 prorsus
922 3479 991 3521 esse
1006 3455 1261 3521 abiudieandam
1279 3456 1380 3524 Bern-

221 3563 364 3647 hardyns
388 3564 421 3626 in
445 3562 593 3646 Dionysii
616 3562 741 3645 Perieg.
765 3585 793 3625 v.
817 3563 882 3625 322
905 3562 1043 3641 censuit,
1073 3561 1240 3627 rationem
1267 3569 1380 3629 tamen

222 3690 319 3754 aegre
343 3670 528 3753 perspicias,
552 3691 607 3732 eur
629 3689 695 3731 non
718 3668 861 3751 potnerit
884 3668 938 3730 ille
962 3689 1039 3730 suaa
1059 3666 1180 3730 rietatis
1201 3674 1382 3735 eonsuetu-

223 3773 330 3840 dinem
353 3777 543 3857 Romanam,
568 3774 623 3837 nbi
647 3794 698 3836 res
722 3773 926 3855 terratenus
950 3772 1073 3836 Graeca
1096 3793 1318 3855 componere:
1347 3777 1381 3842 in

223 3905 286 3966 qua
305 3884 467 3946 sententia
485 3881 577 3945 video
597 3879 694 3943 etiam
709 3879 905 3943 Meinelrium
922 3901 990 3942 esse
1005 3877 1135 3941 Vindie.
1151 3875 1267 3945 Strab.
1283 3905 1316 3966 p.
1331 3884 1383 3951 84.

222 3989 336 4073 ltaque
365 4013 436 4053 cnm
461 4012 480 4051 a
503 3988 558 4051 lib.
581 3986 645 4050 VII
669 4009 699 4069 p.
723 3987 788 4050 295
812 3985 918 4048 verbis
942 3984 1211 4066 interpolationis
1237 3990 1383 4073 suspitio

222 4096 328 4159 omnis
352 4095 463 4178 procul
487 4093 636 4158 habenda
661 4093 712 4174 sit,
736 4093 830 4156 modo
855 4096 941 4155 recte
966 4089 1191 4172 distinguatur
1217 4096 1331 4160 oratio
1350 4097 1385 4160 in

222 4202 307 4266 hunc
332 4203 474 4266 modum:
503 4202 534 4265 οἱ
557 4200 666 4263 τοίνυν
689 4200 840 4276 ’Έλληνες
863 4199 939 4268 τούς
961 4217 995 4260 τε
1022 4197 1117 4261 Γέτα(
1142 4197 1281 4279 Θρᾷκα(
1307 4203 1383 4266 bne·

223 4307 387 4386 λάμβανον
411 4305 530 4391 (ᾤκουν
554 4304 586 4369 δ’
610 4303 668 4384 ἐφ’
691 4305 825 4382 ἑκάτερα
848 4308 906 4367 τοῦ
930 4302 1050 4380 Ἴετρου
1076 4304 1128 4366 καὶ
1153 4303 1253 4371 οὗτοι
1279 4310 1335 4372 καὶ
1353 4310 1383 4372 οἱ

224 4412 338 4490 Μυεοὶ,
368 4413 489 4495 Θρᾷκες
517 4410 608 4477 ὄντε(
637 4411 687 4474 καὶ
716 4407 820 4497 αὐτοί)
848 4411 898 4474 καὶ
925 4409 982 4473 οὓ(
1005 4412 1064 4474 νῦν
1089 4410 1240 4479 Mercede
1267 4419 1385 4482 καλοΐν
