2924 5046
531 333 815 383 coinranrnmvs.
1126 302 1128 307 ¹
1177 320 1240 385 261

188 478 291 543 Versu
314 477 348 543 10
377 477 535 543 Afranii
565 478 729 543 senarium
758 477 934 543 multitudo
962 477 1119 543 librorum
1143 477 1242 543 talem

45 584 252 669 prodidit:
274 585 413 649 Terentio
431 605 494 649 nou
512 583 646 650 similem
663 585 766 648 diceas
784 584 967 665 praeripiunt.
1006 582 1043 646 ln
1062 582 1114 647 his
1133 586 1243 649 tarum

57 690 180 755 mihi·
202 713 260 756 nec
282 691 398 773 dicent,
430 711 490 754 nec
513 689 597 773 quod
621 711 680 773 pro
704 711 742 754 eo
765 690 830 754 iam
855 692 979 754 veteres
1004 688 1144 754 editores
1168 691 1242 754 sub·

62 798 276 863 stituerunt
297 799 389 877 dices,
413 801 466 861 sat
488 786 654 862 'commode
678 818 776 881 posse
799 796 942 879 expediri
966 797 1071 861 visum
1095 800 1154 861 est.
1199 796 1243 863 nt

69 909 224 970 tantum
249 903 380 990 quidem
403 902 638 967 dubitationem
661 903 715 966 vix
738 902 853 987 habet,
876 903 952 987 quin
976 904 1011 967 in
1034 903 1146 968 eodem
1170 927 1241 988 pro·

68 1009 172 1095 logo
195 1011 325 1076 fabulae
348 1010 451 1074 atilli
475 1010 581 1074 versui
604 1008 693 1073 locus
716 1008 816 1072 fuerit
835 1008 936 1073 ethis
956 1031 1036 1094 quos
1056 1010 1241 1076 Macrobius

73 1118 237 1182 serravit
267 1115 395 1182 Saturn
416 1133 467 1198 VI,
492 1117 523 1197 1,
547 1115 569 1179 4
597 1113 698 1199 (apud
720 1114 934 1178 ltibbeclriunr
957 1139 988 1200 p.
1015 1114 1106 1201 144);
1133 1117 1241 1198 fatcor,

78 1226 212 1305 surripui
234 1245 297 1288 novt
320 1223 358 1288 ab
382 1222 436 1287 illc
454 1222 560 1298 triados
575 1218 637 1285 Scd
651 1224 689 1284 ut
704 1222 830 1302 qucisquc
847 1220 955 1285 babuit
972 1224 1145 1301 coucrcrcirct
1162 1225 1244 1306 quod

81 1331 181 1409 racilii,
205 1332 293 1410 Qrcccl
314 1351 362 1395 rae
383 1349 447 1394 non
463 1349 554 1412 posse
571 1328 681 1394 rnclius
696 1329 797 1408 fucere
814 1328 937 1406 calcat,
955 1328 1066 1393 Elium
1082 1350 1104 1393 u
1117 1329 1241 1394 Latino.

80 1433 129 1498 In
144 1439 280 1522 prologo
295 1439 415 1520 autem,
434 1456 498 1520 quo
516 1435 581 1520 ipsi
600 1421 838 1518 compellantur
856 1438 1066 1518 spectatores,
1086 1457 1241 1519 quorsum

84 1543 255 1622 pertinere
281 1542 430 1627 potuisse
453 1561 624 1606 nnmerum
647 1540 738 1604 verbi
762 1540 961 1624 singularem
984 1542 1063 1606 dices
1085 1543 1240 1626 putabis?

85 1645 188 1720 Quod
218 1649 412 1734 intellegens
435 1647 576 1713 Rothius
607 1669 680 1712 cum
709 1648 745 1710 in
775 1648 899 1730 primae
930 1669 1088 1731 personae
1118 1649 1241 1714 formas
1291 1637 1295 1644 ’

86 1750 218 1831 ‘talcar'
242 1754 389 1839 ‘serapti'
413 1753 555 1820 ‘credidi’
579 1754 708 1840 egregie
732 1752 890 1838 quadrare
912 1755 1014 1819 diceus
1032 1755 1241 1839 participium

88 1862 306 1927 ratiocinatur
338 1857 472 1947 1185,
504 1882 572 1926 non
604 1862 709 1947 magis
741 1859 923 1945 persuadet.
974 1859 1043 1925 Nec
1076 1861 1162 1925 enim
1194 1861 1242 1926 ita

87 1963 196 2035 alicus
221 1969 332 2053 potius
361 1972 581 2053 exspectatur,
613 1967 698 2052 quod
720 1989 836 2052 parum
860 1965 1030 2030 facundiae
1053 1966 1241 2032 habiturum

90 2068 155 2154 Sit,
174 2097 265 2159 quam
286 2073 510 2140 ‘existimans'
534 2072 757 2159 ‘intellegens'
782 2071 959 2137 ‘sentiens'
978 2073 1029 2137 vel
1053 2073 1175 2157 aliquid
1199 2075 1240 2138 si-

85 2176 187 2245 mile:
207 2203 275 2266 nec,
297 2180 380 2246 illud
404 2181 432 2246 si
454 2181 639 2263 toleremus,
663 2179 728 2244 ullo
752 2179 848 2245 modo
871 2179 1067 2264 perspicitur
1087 2202 1150 2266 quo
1168 2184 1239 2246 tan-

85 2273 173 2349 dem
200 2286 407 2353 construendi
437 2286 565 2351 vinculo
596 2307 668 2351 cunr
697 2285 822 2370 primae
852 2308 1010 2370 personae
1038 2287 1146 2352 verbis
1174 2287 1239 2351 illis

84 2388 186 2456 coire
205 2394 298 2460 huius
322 2395 357 2459 in
381 2415 445 2478 quo
467 2414 635 2457 versamur
658 2413 770 2457 versus
794 2393 955 2457 sententia
977 2393 1128 2476 potuerit.
1173 2393 1239 2458 Ita

79 2499 166 2563 ‘lue
189 2500 338 2583 quoniam
370 2498 618 2564 enuntiatorum·
644 2498 722 2563 talis
755 2497 985 2582 conformatio,
1021 2521 1104 2584 quac
1136 2501 1237 2567 dicem
1250 2521 1290 2562 aaa

74 2599 299 2688 participium
328 2608 403 2688 aptc
432 2603 633 2686 admitteret,
665 2603 795 2669 omnino
824 2605 858 2669 in
886 2609 1041 2688 promptu
1067 2627 1133 2671 non
1161 2611 1240 2690 erat,

70 2704 198 2774 Satis
219 2712 292 2776 duxi
316 2734 354 2776 cx
378 2732 417 2775 ea
440 2712 601 2795 scriptura
615 2710 766 2794 efficere,
790 2711 875 2795 quod
898 2711 996 2796 longe
1019 2712 1239 2777 commodissi-

67 2807 187 2880 ¹¹1un
215 2819 410 2903 explicatum
442 2817 592 2900 haberet,
622 2818 731 2896 duas,
763 2817 955 2901 pracsertim
988 2838 1062 2881 cum
1091 2839 1239 2882 caussam

64 2916 211 2989 erroris
239 2925 320 2989 satis
351 2928 499 3009 apertam
531 2925 648 3008 exiguo
679 2924 852 2988 intervallo
883 2924 1079 3007 praecedens
1107 2925 1240 2990 scr-cens
1373 2942 1379 2951 ·

62 3019 297 3116 Darucipium
321 3034 506 3096 monstrare
530 3030 701 3096 videretur.
716 3068 757 3077 —
774 3030 896 3095 Verum
915 3030 977 3095 hoc
996 3029 1113 3095 levius:
1136 3031 1238 3097 multo

63 3128 236 3202 graviori
247 3138 427 3222 ⁸offensioni
446 3158 520 3202 cum
538 3137 648 3203 dativo
663 3141 885 3202 constructum
898 3138 1032 3203 siccilem
1047 3137 1240 3203 vocabulum

65 3214 172 3304 fuit
209 3242 276 3308 Nec
304 3244 392 3308 enirn
422 3243 522 3308 alium
550 3243 614 3307 nisi
637 3245 822 3329 genetivum
846 3266 956 3310 casum
979 3244 1014 3309 in
1037 3244 1099 3311 hoc
1121 3266 1238 3330 genere

68 3342 291 3433 antiquiores
320 3351 491 3435 probasse,
523 3336 632 3415 dedita
660 3372 760 3434 opera
790 3351 866 3415 clim
891 3351 1112 3416 demonstravi
1134 3351 1239 3416 Musei

74 3450 200 3517 1¹(artri
230 3455 424 3543 philologici
455 3456 518 3520 rol.
548 3474 598 3521 vn
625 3479 656 3540 p.
684 3457 751 3522 584
774 3479 842 3541 sqq.
870 3461 903 3522 et
929 3477 991 3523 v111
1023 3481 1054 3542 p.
1084 3458 1145 3523 159
1169 3481 1237 3541 sqq.

77 3532 170 3620 Vbi
192 3564 354 3647 congestis
385 3585 402 3626 e
433 3561 549 3627 Plauto
580 3566 613 3628 et
640 3563 791 3628 Terentio
822 3565 977 3648 exemplis
1006 3564 1086 3629 adde
1115 3586 1131 3626 c
1159 3562 1236 3626 Itib-

89 3642 258 3734 beminis
280 3670 385 3755 copiis
402 3670 619 3752 parasitorum
635 3669 720 3735 simil
736 3675 781 3735 cst
796 3669 915 3736 Naevii
933 3693 961 3734 v.
973 3671 1026 3753 60,
1043 3671 1135 3752 pueri
1152 3671 1238 3734 simil

20 3850 23 3855 Ι
102 3778 143 3827 ⁸⁸
159 3768 243 3839 Novii
266 3797 296 3841 v.
309 3776 363 3858 62,
384 3775 517 3858 sepulcri
538 3774 652 3841 similis
674 3774 805 3839 Laberii
827 3798 856 3840 v.
873 3776 945 3860 124,
968 3777 1032 3841 ucri
1053 3775 1154 3841 simile
1176 3774 1237 3840 Pa·

13 3860 36 3979 ᾗ
115 3876 184 3941 uu
204 3881 315 3965 tarr,
337 3880 418 3946 aava
439 3880 550 3947 main
570 3881 701 3948 alicae
721 3881 839 3965 tragici
862 3882 977 3947 neena
1000 3883 1112 3946 asoa.
1140 3882 1237 3947 nam-

121 3994 167 4060 (111
184 3987 385 4052 construendi
409 3987 514 4072 legem
537 3986 711 4053 Afranium
739 4009 865 4073 quoquc
888 4010 1035 4053 servasse
1058 3987 1237 4053 certissimo

125 4081 283 4159 documento
307 4097 401 4159 vetus
424 4093 591 4161 Parisinus
616 4099 675 4178 est,
697 4095 731 4160 in
754 4117 818 4180 quo
842 4094 913 4179 ipsc
938 4117 1033 4179 quem
1056 4093 1237 4179 expetimus

23 4186 38 4209 ²
124 4202 259 4275 genetivus
282 4203 392 4266 exstat
413 4203 542 4268 terentii.
576 4202 678 4278 Quem
698 4201 850 4286 quoniam
864 4201 1022 4267 Afranius
1040 4222 1105 4266 non
1128 4199 1239 4286 potuit

10 4364 25 4397 Ι,
120 4298 282 4372 uiridibus
306 4306 445 4390 syllabis
469 4308 596 4393 efferre,
622 4308 718 4374 unius
749 4330 832 4393 quac
858 4308 924 4374 iam
947 4307 1149 4373 desideratur
1170 4306 1238 4393 syl·

116 4406 189 4475 labae
208 4413 334 4481 iactura
357 4414 533 4481 curandum
556 4417 628 4480 crat
648 4417 686 4479 ut
707 4412 873 4498 probabili
896 4414 1082 4481 coniectura
1100 4434 1144 4479 ιθ·
