2888 5040
183 278 248 342 552
512 296 628 342 uirium
652 281 796 343 vauno's
820 296 1000 343 nmomvn

183 438 376 501 rhetoricam
401 461 472 502 cum
498 439 684 523 eloquentia
708 440 847 504 sociaret
867 439 972 504 multo
997 438 1078 505 adeo
1101 439 1161 504 nisi
1181 439 1286 504 fallimur

183 544 448 608 convenientius?
477 544 527 607 vel
555 545 648 607 unius
679 545 928 608 mathematicae
957 545 1091 610 notione
1119 546 1285 630 geometriam

184 655 216 715 et
239 650 475 715 arithmeticam
505 651 811 734 comprehenderet?
840 652 891 716 vel
921 652 961 716 ad
989 652 1197 736 geometriam
1220 654 1285 717 etian

183 757 396 840 astrologiam
413 755 559 820 referret:
580 758 663 840 quod
680 781 742 841 quo
758 758 826 822 iure
842 758 995 839 dicamne,
1011 757 1045 821 in
1061 759 1285 823 commentatione

183 887 207 927 s.
232 887 255 927 s.
285 864 365 927 satis
395 863 595 927 declaratum
624 868 673 928 est
701 888 731 948 p.
755 865 775 928 3
803 864 881 945 [354
893 866 953 948 sq]
979 868 1065 948 etp.
1090 865 1132 928 39
1150 865 1229 946 [387]
1246 887 1285 949 sq:

183 970 233 1033 vel
253 970 280 1032 si
301 992 383 1053 quae
402 970 540 1054 cogitari
561 971 681 1035 similia
700 976 846 1055 possunt.
874 970 1037 1055 Equibus
1057 993 1141 1036 nnnc
1155 971 1286 1035 unumhoc

183 1076 343 1159 addimus,
376 1077 572 1142 rhetoricam
604 1079 744 1143 fortasse
772 1100 832 1143 nec
860 1101 932 1142 cum
962 1079 1145 1162 disciplinis
1170 1100 1219 1142 uec
1238 1099 1286 1142 cun

183 1184 368 1267 eloquentia
398 1183 557 1249 coaluisse
586 1185 672 1267 apud
701 1184 896 1266 Varronem,
929 1186 985 1249 sed
1020 1207 1093 1250 cum
1123 1186 1190 1269 ipsa
1214 1183 1286 1267 philo

184 1291 313 1375 sophia:
352 1291 479 1373 quando
517 1290 551 1354 in
587 1290 788 1354 hebdomade
825 1291 1101 1376 philosophorum
1136 1289 1286 1375 Symmacho

184 1400 268 1460 teste
297 1396 491 1479 epist.'l,4
520 1419 591 1460 cum
621 1397 847 1482 Pythagora
879 1396 950 1482 ‘qui
980 1398 1106 1463 animas
1133 1398 1164 1462 iu
1190 1397 1286 1461 aeterni·

184 1506 285 1567 tatem
313 1504 437 1586 primus
462 1503 633 1586 asseruit',
662 1508 694 1567 et
716 1504 879 1567 Platone
909 1503 979 1587 ‘qui
1009 1505 1087 1568 deos
1111 1526 1176 1569 esse
1196 1523 1286 1587 persua·

184 1609 262 1692 sit’,
299 1609 538 1674 Aristoteles
577 1609 833 1692 componebatur
870 1615 906 1673 ut
948 1609 1025 1695 ‘qui
1062 1615 1201 1675 naturam
1231 1610 1286 1672 bear

185 1716 337 1799 loquendi
362 1716 394 1780 in
416 1721 517 1780 artem
537 1715 746 1799 redegisset’:
771 1716 866 1780 modo
887 1716 1045 1781 Varronis
1070 1716 1148 1782 haec
1168 1718 1286 1798 sinteca

186 1822 287 1906 ipsius
321 1820 509 1906 Symmachi
542 1823 657 1906 elogia.
699 1821 837 1886 Tantum
873 1822 1230 1896 autemdubitationen
1252 1818 1286 1881 rix

185 1927 297 2012 habet,
339 1929 415 2012 quin
454 1950 564 1992 eornm
603 1930 757 2011 quattuor
793 1948 963 2012 generum,
1007 1950 1088 2011 quae
1129 1929 1287 1993 continentur

186 2035 422 2120 grammaticis,
450 2035 594 2112 musicis,
623 2035 768 2115 medicis,
802 2032 1002 2117 architectis,
1035 2035 1170 2120 insignis
1193 2034 1287 2097 ubertas

187 2142 332 2226 integras
366 2141 430 2205 sibi
459 2141 678 2206 hebdomadas
711 2139 909 2223 poposcerit:
942 2139 976 2202 id
1010 2141 1095 2223 quod
1123 2144 1200 2205 certo
1224 2134 1288 2201 testi-

187 2246 297 2311 monio
321 2247 359 2310 de
383 2246 568 2311 architectis
593 2250 731 2330 constat,
756 2249 806 2308 sat
825 2245 965 2310 evidenti
985 2247 1167 2311 coniectura
1187 2243 1288 2310 creditur

187 2354 225 2417 de
249 2353 390 2417 medicis.

276 2460 365 2523 Haec
389 2444 490 2543 igitur
514 2459 541 2523 si
566 2482 631 2524 non
656 2482 767 2523 sumus
792 2463 921 2543 praeter
944 2460 1201 2543 probabilitatem
1219 2452 1307 2519 ralia.

187 2567 299 2650 cinati,
328 2588 527 2649 consequens
555 2566 695 2648 primum
723 2565 784 2629 hoc
808 2569 859 2628 est
881 2569 918 2629 nt
944 2566 1078 2649 proprio
1103 2565 1177 2629 artis
1196 2559 1289 2627 nonne

187 2672 346 2756 insignita
376 2671 514 2735 facultas
547 2671 690 2734 humana
721 2672 762 2734 ab
792 2671 1024 2754 architectura,
1057 2695 1152 2757 qnam
1176 2692 1222 2735 nos
1243 2665 1289 2729 lert

189 2778 311 2842 sociare
340 2800 411 2841 cum
440 2777 496 2839 illa
524 2776 763 2858 consuevimus,
792 2799 923 2860 prorsus
954 2782 1106 2861 separata
1132 2777 1226 2842 fuerit:
1249 2786 1289 2834 uec

188 2884 325 2948 sociavit
356 2884 490 2947 Plinius.
543 2883 693 2947 Alterum
730 2886 798 2962 cst,
835 2887 870 2946 ut
907 2906 973 2947 nna
1011 2906 1083 2948 cum
1120 2883 1289 2949 architectura

188 2995 310 3055 ceteras
334 2990 523 3073 disciplinas
549 2990 696 3073 quintam
721 2990 877 3072 librorum
902 2990 1041 3074 dyadem
1065 2990 1209 3055 Varronis
1227 3000 1289 3049 occu·

188 3119 282 3181 passe
315 3098 533 3181 intellegatur.
572 3096 664 3172 Quod
692 3097 720 3160 si
751 3096 798 3159 ita
826 3098 891 3178 est,
922 3099 1090 3179 tamquam
1118 3095 1235 3181 quadam
1255 3104 1290 3148 11⁶*

189 3203 341 3266 cessitate
369 3203 408 3266 ad
437 3203 619 3267 naturalem
649 3202 793 3266 ordinem
825 3202 1027 3286 singulorum
1062 3203 1195 3288 capitum
1220 3194 1289 3262 talem

190 3310 336 3373 ducimur
358 3309 485 3393 qualem
514 3309 600 3374 infra
627 3308 803 3392 posuimus.
844 3307 974 3370 Etenim
1005 3308 1086 3392 dyas
1109 3309 1227 3393 prima,
1247 3290 1291 3363 nisi

190 3414 325 3477 mirifice
356 3414 443 3478 fallit
476 3416 599 3499 opinio,
636 3414 717 3498 ipsis
749 3435 856 3477 rerum
891 3414 1107 3480 humanarum
1140 3405 1291 3480 culminibus

190 3520 298 3585 dicata
326 3525 408 3604 erat,
437 3523 568 3605 regibus
598 3525 630 3584 et
658 3521 923 3604 imperat-oribus:
958 3524 1128 3587 secunda
1155 3508 1291 3604 sapiente

190 3628 294 3692 civilis
310 3627 502 3693 luminibus:
522 3628 642 3690 tertia
658 3627 775 3709 poetis:
795 3628 1010 3710 scriptoribus
1029 3633 1179 3712 quarta:
1194 3614 1292 3708 quil]la

190 3734 382 3799 inlustribus
416 3734 449 3796 in
487 3732 731 3815 disciplinarum
768 3752 885 3816 genere
918 3733 1091 3816 exemplis:
1129 3736 1224 3798 sexta
1247 3718 1293 3787 πίε

190 3840 300 3904 claris:
329 3840 494 3922 septima
522 3839 724 3922 promiscuae
748 3839 899 3902 varietati
929 3839 1037 3923 aliquo
1063 3840 1158 3904 modo
1180 3844 1294 3903 mauolt·

142 3947 304 4010 beilium
345 3947 512 4011 hominum
550 3945 672 4009 relicta.
723 3946 826 4020 Quam
863 3945 966 4028 ipsam
1010 3947 1198 4011 varietatem
1231 3929 1295 4007 facile

190 4057 325 4136 apparet
356 4056 482 4116 tautam
515 4073 696 4135 superesse,
732 4055 769 4115 ut
801 4074 866 4115 non
904 4053 937 4114 in
971 4053 1191 4136 conquirenda
1221 4042 1297 4136 potius

191 4182 288 4243 quam
320 4160 354 4223 in
388 4158 608 4223 contrahenda
641 4159 776 4222 materia
804 4157 943 4222 Varroni
976 4160 1207 4225 elaborandum
1236 4154 1301 4221 essct

190 4264 301 4349 Neque
326 4266 413 4328 enim
437 4265 530 4347 alius,
555 4265 696 4329 simodo
721 4265 838 4349 aliquis
860 4269 939 4345 erat,
962 4264 1053 4330 locus
1075 4289 1240 4333 concessus
1259 4278 1305 4328 esst

190 4372 279 4434 velut
309 4371 412 4458 magis
441 4376 474 4437 et
502 4371 722 4436 sacerdotibus
751 4371 859 4453 potuit
886 4372 1082 4457 ratibusque
1115 4379 1149 4438 et
1178 4373 1310 4438 chresno
