2888 5040
719 1261 832 1343 XIV.

221 1432 453 1535 Hieronymi
480 1432 605 1515 index
631 1432 829 1516 librorum
857 1435 905 1515 ab
935 1431 1099 1534 Origene
1128 1433 1339 1538 Marcoque

498 1575 672 1659 Varrone
701 1565 1057 1679 compositorum).

722 1777 829 1785 *-

177 1940 190 1978 1
294 1917 381 1994 Quos
414 1917 494 1981 olim
526 1915 783 2000 Hieronymus
817 1915 1084 1983 Stridonensis
1122 1917 1287 1982 librorum
1318 1918 1356 1982 ab

205 2024 368 2108 Origene
396 2023 603 2110 Marcoque
629 2023 805 2090 Varrone
838 2025 1095 2108 compositorum
1128 2024 1256 2089 indices
1287 2046 1357 2088 con·

203 2130 339 2212 fecerat,
372 2152 445 2194 cum
477 2130 532 2195 diu
565 2131 599 2195 in
628 2131 761 2196 summis
790 2131 958 2196 doctorum
985 2130 1159 2195 hominum
1181 2130 1357 2219 'desideriis

204 2236 356 2320 fuissent,
393 2236 552 2322 singulari
589 2237 740 2303 fortunae
772 2237 928 2302 beneficio
960 2259 1062 2320 nuper
1097 2239 1243 2323 contigit
1274 2244 1311 2304 ut
1340 2262 1357 2304 e

204 2342 346 2407 tenebris
374 2344 408 2408 in
437 2344 554 2428 quibus
583 2343 819 2409 latuisseutad
847 2344 917 2408 dias
945 2344 1078 2408 luminis
1103 2367 1182 2409 oras
1208 2345 1358 2411 redirent

205 2448 293 2526 Quos
318 2472 390 2515 eum
415 2473 431 2515 e
455 2450 574 2516 codicis
599 2451 766 2516 cuiusdam
789 2450 1015 2515 Atrebetcnsis
1040 2451 1196 2535 exemplo
1223 2452 1358 2518 litterati

205 2556 304 2641 Angli
327 2579 404 2622 cura
431 2546 562 2642 parato,
590 2558 674 2641 quod
702 2579 882 2642 propensae
908 2557 942 2621 in
970 2578 1029 2620 uos
1057 2556 1228 2622 voluntati
1256 2558 1358 2623 nostri

205 2685 308 2746 nuper
322 2664 465 2749 collegae
479 2663 851 2730 LvnovucuUnnlcnsuu
866 2663 1072 2746 debebamus,
1086 2663 1121 2728 in
1130 2661 1241 2730 Musei
1256 2665 1357 2730 nostri

205 2768 364 2854 philologi
378 2774 467 2834 tomo
478 2769 525 2834 VI
541 2773 653 2854 [supra
667 2794 697 2855 p.
708 2772 773 2836 423
784 2774 867 2857 sqq]
883 2771 1098 2856 vulgabamus
1114 2775 1218 2855 atque
1232 2794 1357 2836 enarra·

206 2875 330 2959 bamus,
352 2898 418 2941 non
439 2900 500 2943 nos
524 2879 672 2963 fugiebat
695 2901 792 2962 quam
816 2865 902 2943 esset
925 2877 1104 2961 optandum
1124 2879 1241 2943 utillo
1261 2879 1358 2944 codex

206 2981 310 3047 denuo
329 2983 543 3066 inspiceretur
562 2988 595 3048 et
614 2985 762 3050 secundis
781 2986 865 3049 euris
885 3008 949 3069 que
967 2983 1035 3047 fieri
1055 2983 1234 3068 diligentia
1249 2990 1359 3069 posset

206 3093 415 3155 excuteretur.
452 3089 494 3154 Eli
521 3094 598 3155 voto
629 3092 724 3155 citius
753 3114 849 3176 quam
878 3112 1122 3176 speraveramus
1150 3091 1357 3157 satisfactum

207 3199 269 3278 est,
292 3198 325 3259 et
346 3196 395 3259 ita
417 3200 454 3259 ut
476 3196 572 3261 huius
596 3219 723 3282 quoque
751 3198 898 3263 beneficii
925 3200 994 3263 laus
1019 3196 1059 3261 ad
1087 3196 1176 3262 hauc
1200 3199 1357 3263 universi·

206 3303 309 3366 tatem
331 3300 451 3367 redeat
487 3301 572 3366 Nam
597 3325 683 3387 cum,
707 3303 761 3388 qui
786 3304 872 3388 apud
894 3327 953 3371 uos
976 3325 1060 3369 nunc
1084 3307 1117 3368 et
1141 3300 1358 3370 Sauscriticas

208 3408 334 3472 littores
379 3407 480 3473 tradit
526 3413 558 3474 et
601 3408 731 3495 lingens
773 3431 960 3495 comparare
1005 3410 1117 3493 docet,
1168 3412 1358 3477 Avavsrvs

208 3513 473 3581 Scuumcunnvs
511 3520 622 3581 noster
658 3539 716 3600 per
747 3517 1034 3601 Francogallorum
1073 3521 1182 3582 terras
1220 3519 1358 3604 peregri·

207 3623 314 3687 nando
343 3622 519 3687 Atrebates
547 3625 704 3707 venisset,
737 3646 869 3705 precum
895 3627 1082 3688 nostrarum
1111 3645 1244 3690 memor
1277 3623 1358 3690 haud

208 3733 259 3794 est
290 3733 460 3794 cunctatus
493 3729 724 3795 bibliothecam
757 3728 787 3795 S.
820 3729 954 3795 Vedaati
987 3728 1077 3793 adire
1112 3730 1230 3815 ibique
1269 3731 1358 3797 facile

207 3834 395 3921 indagatum
437 3836 579 3901 codicem
621 3837 871 3925 membraneum,
900 3857 1033 3917 numero
1082 3837 1149 3900 849
1194 3839 1358 3924 signatum

207 3947 299 4009 tanto
328 3943 436 4009 studio
463 3947 618 4028 tractare,
645 3948 682 4009 ut
708 3945 762 4008 vix
791 3944 977 4028 quicquam,
1005 3943 1092 4026 quod
1121 3943 1166 4008 ad
1197 3945 1359 4028 quantivis

207 4049 305 4134 pretii
323 4050 444 4115 indices
463 4051 537 4116 illos
556 4053 650 4135 plene
670 4055 882 4135 accurateque
902 4050 1150 4134 cognoscendos
1175 4052 1360 4137 pertineret,

279 4297 304 4367 *)
325 4297 513 4368 [Prooemium
532 4297 635 4353 Indicis
651 4297 809 4352 scholarum
823 4295 1003 4351 hibernarum
1017 4287 1214 4353 Bonueusluuu
1231 4316 1362 4356 annorum

212 4384 514 4443 orouoocomruuru
533 4388 562 4440 er
579 4385 623 4457 u]
