2924 5046
569 359 851 409 counanrsarvs.
1219 343 1283 406 233

236 504 334 568 Versu
365 504 382 567 3
418 504 537 568 mirum
564 507 615 567 est
643 502 867 586 planissimam
897 502 1089 595 sententiam
1117 491 1283 586 negotium

114 632 301 676 acessere
325 610 491 694 Scaligero
516 609 645 693 Guyeto
673 608 811 672 Heinsio
835 607 1022 671 Burmanno
1049 608 1208 690 potuisse,
1235 609 1284 672 in·

119 717 324 783 tilissimis
361 716 554 781 coniecturis
591 715 748 779 librorum
792 714 984 796 scripturam
1022 713 1284 779 sollicitantibus.

114 821 270 904 :asephi
295 826 403 886 autem
427 820 592 906 Scaligeri,
615 821 669 905 qui
693 820 799 884 Porcii
824 842 936 883 versus
960 842 979 882 a
1002 841 1036 882 se
1059 823 1097 883 ut
1119 820 1167 884 ait
1189 821 1283 884 easti-

114 936 236 1000 atos
256 928 591 994 animadversionibus
610 928 643 991 in
657 926 791 991 Eusebii
807 924 1046 1011 Chronologioa
1064 927 1131 991 suis
1151 926 1285 990 inseruit

114 1095 124 1108 ,
172 1036 256 1101 144
279 1035 327 1099 ed.
346 1035 411 1117 alt,
435 1033 520 1118 quod
544 1033 675 1096 omnino
699 1032 823 1096 nullam
846 1033 878 1095 in
898 1031 959 1096 hac
978 1036 1049 1097 tota
1066 1032 1283 1116 disputatione

114 1141 339 1211 tentionem
364 1141 438 1204 feci:
461 1138 628 1203 fatendum
651 1142 700 1202 est
723 1142 851 1222 praeter
874 1161 973 1203 unum
996 1160 1125 1203 uersum
1149 1142 1284 1221 sextum,

114 1251 181 1317 bi
223 1247 290 1311 abit
316 1248 351 1310 iu
375 1245 540 1311 Graeciam
570 1249 658 1309 recto
685 1245 802 1309 iudicio
832 1244 945 1327 edidit,
978 1244 1012 1308 in
1040 1245 1173 1328 reliquis
1201 1266 1284 1327 quae

114 1379 194 1422 ua
238 1375 314 1417 usus
347 1352 533 1418 coniectura
564 1351 733 1435 proposuit
764 1350 914 1414 omnibus
946 1372 986 1414 ne
1019 1373 1116 1414 unam
1154 1349 1283 1434 quidem

114 1481 224 1545 ,uae
247 1459 378 1542 probari
398 1458 504 1541 possit
522 1457 664 1521 litteram
684 1477 763 1520 esse.
801 1455 893 1531 Quod
912 1478 984 1521 cum
1003 1457 1103 1520 libere
1121 1457 1284 1540 profiteor,

114 1588 202 1632 -.on
232 1585 301 1628 esse
324 1563 499 1627 verendum
522 1566 601 1646 puto
625 1584 665 1626 ne
689 1561 727 1625 de
750 1561 861 1646 magni
885 1561 945 1625 viri
968 1564 1064 1644 plane
1089 1563 1198 1626 divina
1221 1563 1283 1625 vir-

114 1676 209 1736 ute
237 1670 409 1754 quiequam
433 1669 602 1734 detrahere
625 1668 857 1732 inreverentius
882 1667 999 1732 videar.

233 1772 306 1855 Peg.
331 1772 397 1847 207,
422 1774 441 1838 5
464 1775 541 1857 quin
564 1778 650 1839 recte
673 1773 804 1838 Caecilio
827 1793 945 1836 nomen
969 1770 1061 1858 (item
1086 1780 1122 1838 ut
1145 1796 1239 1838 versu
1262 1776 1283 1838 9

114 1877 282 1963 Canale)
306 1880 423 1945 Petrus
442 1878 587 1944 Crinitus
606 1879 771 1963 Liliusque
790 1879 947 1963 Gyraldus
971 1880 1180 1964 restituerint,
1204 1904 1284 1965 quos

115 1989 273 2063 praeter
288 1986 441 2071 Pighium
465 1989 498 2049 et
512 1985 665 2050 Vossium
689 2008 800 2050 omnes
824 1985 926 2049 secuti
951 1988 1035 2067 sunt,
1058 1985 1200 2051 dubitari
1218 2010 1284 2052 non

126 2089 269 2164 patitur
288 2090 482 2175 Hieronymi
511 2091 700 2155 auctoritas.
745 2089 867 2155 Verum
895 2090 980 2154 idem
1008 2113 1080 2155 cum
1108 2090 1284 2158 Caecilium

131 2185 314 2260 ‘montem
343 2217 405 2261 csse
435 2217 516 2261 anno
541 2201 614 2278 post
641 2201 768 2260 mortem
797 2197 901 2260 Ennii
929 2201 957 2260 et
985 2197 1075 2262 iustu
1104 2199 1285 2265 Ianiculum

141 2300 308 2375 aperim’
331 2287 454 2386 tradat,
482 2303 591 2388 gravis
616 2303 714 2387 longo
739 2323 776 2366 ex
800 2307 945 2386 tempore
969 2307 1189 2371 controversia
1212 2311 1285 2371 orta

148 2404 215 2483 eat,
244 2406 397 2473 Caecilius
426 2409 482 2494 qui
510 2409 621 2474 audire
644 2408 803 2473 Andriam
831 2410 1072 2494 praelegentem
1096 2411 1283 2476 Terentium

152 2511 298 2582 nollent:
329 2515 458 2598 quando
482 2514 640 2579 Andriam
668 2537 732 2579 non
761 2517 866 2580 minus
891 2521 1014 2580 certum
1039 2521 1088 2582 est
1112 2540 1194 2582 anno
1218 2519 1283 2584 588

160 2617 255 2681 &elam
275 2642 370 2703 quam
389 2619 532 2684 Ennium
555 2624 719 2684 mortuum
742 2644 826 2685 anno
848 2621 922 2686 585.
961 2622 1028 2686 Aut
1050 2623 1150 2706 igitur
1169 2623 1283 2707 duplex

163 2712 221 2782 luit
234 2723 268 2788 dc
283 2731 387 2791 morte
401 2724 533 2791 Caecilii
551 2727 717 2809 memoria,
740 2732 796 2792 aut
815 2727 998 2811 corruptela
1017 2727 1099 2792 latet
1122 2729 1154 2793 in
1178 2731 1284 2795 verbis

165 2814 345 2914 Hieronymi.
390 2831 459 2897 Nec
483 2834 567 2897 enim
592 2834 641 2896 vel
665 2833 704 2897 de
727 2835 835 2918 priore
860 2832 969 2917 aliqua
991 2834 1118 2898 actione
1142 2833 1284 2900 Andriae

170 2935 239 2995 recte
258 2938 430 3026 cogitatur,
457 2960 516 3002 nec
539 2939 577 3003 de
602 2929 759 3004 annorum
783 2939 955 3003 intervallo
980 2939 1063 3023 quod
1086 2941 1171 3005 inter
1192 2963 1284 3025 prae-

173 3025 315 3105 lectionem
348 3043 416 3106 eius
449 3043 581 3109 fabulae
612 3052 646 3110 et
679 3045 839 3109 actionem
876 3046 1108 3111 intercesserit:
1145 3048 1184 3111 de
1221 3071 1284 3132 quo

176 3144 348 3231 Praelegendi
377 3149 515 3213 consilio
537 3151 683 3233 pluribus
707 3152 906 3235 disputatum
930 3156 980 3215 est
1002 3151 1133 3236 Parerg.
1157 3176 1186 3236 p.
1210 3154 1284 3218 329.

178 3235 263 3329 ltaque
281 3276 351 3318 cum
375 3255 486 3339 aliqua
508 3255 624 3320 lacuna
642 3257 791 3322 laborare
811 3259 909 3322 etiam
928 3258 1075 3340 proxima
1090 3257 1283 3343 Hieronymi

181 3350 253 3418 rerba
271 3356 301 3423 C.
315 3359 350 3424 F.
364 3358 570 3426 Hermannus
595 3363 769 3429 coniecerit
792 3363 1063 3429 commentatione
1087 3365 1125 3429 de
1149 3367 1283 3449 scripto-

182 3449 247 3521 ribus
267 3463 442 3530 illustribus
472 3468 557 3550 apud
579 3467 817 3553 Hieronymum
846 3471 1033 3535 memoratis
1057 3469 1284 3555 Coettingensi

183 3563 238 3625 lssfli
257 3569 330 3637 1848
353 3594 383 3655 p.
407 3572 506 3656 4sq.,
539 3573 625 3639 haud
655 3576 722 3640 scio
752 3598 792 3640 an
821 3577 855 3640 in
884 3577 995 3641 eadem
1023 3579 1076 3642 via
1103 3578 1213 3660 paullo
1242 3579 1285 3641 sit

184 3655 277 3749 longius
305 3677 574 3761 progrediendum
606 3680 875 3765 librariorumque
907 3704 1022 3747 manus
1053 3682 1093 3746 ad
1124 3685 1189 3746 tale
1218 3682 1285 3747 fere

184 3782 323 3861 exemplam
347 3782 561 3849 emendanda:
594 3800 769 3856 nonrvvs
792 3802 860 3856 usu
884 3803 987 3858 luno
1012 3803 1103 3857 Posr
1127 3802 1285 3857 uoaueu

185 3880 257 3950 ENllll
273 3903 328 3956 ΙΙΙ
345 3905 394 3959 ΕΤ
412 3905 528 3961 ΝΧΤΑ
548 3906 646 3961 EVM
663 3908 717 3961 IN
732 3909 908 3963 IANICVLO
927 3907 1127 3962 SEPVLTVS:
1157 3895 1284 3977 quando

185 3992 257 4051 “llus
275 3999 344 4074 post
366 4000 506 4061 mortem
528 3997 627 4061 Ennii
651 3999 767 4063 tertius
791 3999 859 4082 ipse
883 4001 947 4064 588
971 3999 1042 4063 fuit.
1083 3997 1175 4062 Nibil
1198 4000 1285 4063 enim

186 4099 228 4160 [1¹1⁰
251 4100 422 4185 temporum
459 4104 710 4187 discrepantiam
745 4105 837 4169 illam
875 4105 1052 4188 expediret,
1088 4104 1284 4187 disputando

184 4180 345 4270 Hllfflennus
374 4209 526 4292 profecit,
558 4232 630 4275 cum
658 4210 696 4273 de
724 4211 839 4274 mortis
868 4232 951 4274 anno
974 4210 1144 4274 Ennianae
1172 4209 1287 4274 leviter

185 4296 264 4370 taran,
283 4308 447 4377 Ciceronis
474 4315 696 4380 testimonium
725 4316 822 4400 idque
853 4317 971 4400 duplex
995 4316 1089 4380 Bruti
1116 4337 1142 4379 c.
1165 4315 1218 4397 20,
1244 4318 1284 4382 78

187 4405 210 4463 tl
225 4405 317 4482 laton.
339 4420 370 4502 5,
397 4421 448 4502 14,
471 4421 522 4484 vel
547 4421 626 4486 adeo
649 4422 768 4505 triplex
791 4422 873 4487 conl.
896 4421 986 4489 Brut
1013 4425 1062 4508 18,
1078 4422 1129 4507 72,
1152 4424 1221 4489 tum
1246 4424 1284 4491 de
