2924 5046
567 344 818 393 noursromom.
1200 328 1265 392 413

120 487 239 551 tionem
263 487 344 552 illud
363 490 480 570 movet,
503 487 589 570 quod
608 488 642 550 iu
661 487 772 551 allatis
792 509 831 550 ex
850 507 888 549 eo
908 486 989 550 libro
1006 487 1112 550 vorbis
1128 487 1266 571 vestigia

117 614 275 677 apparere
305 616 512 658 numerorum
543 593 692 659 videntur
721 593 753 658 h.
776 615 817 658 e«
831 593 926 657 unius
955 597 988 656 et
1015 592 1142 658 dimidii
1171 595 1267 659 hexa-

117 700 223 765 metri.
269 699 475 784 Quamquam
500 700 562 765 hoc
586 701 692 784 ipsum
718 701 798 764 satis
823 722 893 763 esse
916 700 1075 764 incertum
1100 701 1266 766 sentimus.

207 806 301 883 Quod
324 811 394 871 tam
417 807 516 889 plane
536 811 569 870 et
587 807 753 870 evidenter
777 806 904 890 aliquot
928 805 1083 886 exemplis
1108 808 1268 890 apparuit,

114 912 151 976 id
179 912 323 976 dubitari
351 913 405 975 vix
432 917 542 995 potest
569 914 649 997 quin
678 913 776 977 latius
805 915 917 995 pateat
945 915 979 974 et
1004 911 1046 975 ad
1075 934 1113 975 ea
1141 933 1267 994 quoque

113 1017 326 1102 pertinuerit,
359 1040 495 1101 quorum
524 1041 610 1083 nunc
633 1020 716 1083 latet
738 1018 835 1082 ratio.
881 1015 966 1081 Nam
992 1019 1069 1101 quid
1092 1019 1267 1082 necessitu-

115 1125 204 1188 dinis
236 1124 458 1188 intercesserit
490 1125 576 1189 inter
606 1122 723 1188 (latum
756 1131 789 1189 et
824 1124 999 1187 liberorum
1034 1124 1268 1208 educationem,

114 1229 322 1294 Tuberonem
354 1233 388 1293 et
420 1231 556 1314 originis
585 1231 743 1297 humanae
774 1232 1059 1314 disceptationem,
1091 1230 1264 1295 Curionem

117 1342 152 1400 et
170 1336 302 1401 deorum
329 1338 465 1419 cultum,
488 1338 636 1403 Atticum
660 1343 694 1402 et
715 1360 883 1402 munerum
908 1338 1089 1420 notionem,
1117 1338 1265 1420 Pappum

116 1447 152 1507 et
184 1442 395 1526 indigentiae,
427 1443 576 1508 Orestem
604 1450 637 1508 et
666 1445 827 1527 insaniae,
859 1467 896 1508 eo
926 1444 1073 1530 profecto
1103 1443 1266 1525 incertius,

119 1548 204 1632 quod
227 1571 267 1611 ne
291 1549 354 1633 qui
377 1549 501 1615 fuerint
523 1552 652 1635 quidem
674 1552 713 1616 de
738 1552 887 1616 omnibus
911 1556 1047 1617 constat.
1089 1549 1164 1615 Non
1189 1572 1266 1615 saue

118 1656 229 1739 inepte
256 1655 430 1738 suspiceris
458 1679 595 1743 egenam
625 1659 726 1724 fuisse
749 1658 910 1741 Pappum,
942 1659 1065 1742 pietate
1089 1679 1167 1742 erga
1188 1657 1265 1721 deos

121 1761 283 1847 insignem
306 1759 493 1828 Curionem:
522 1765 578 1829 sed
602 1770 712 1829 tamen
735 1787 794 1830 nec
819 1765 889 1828 laus
914 1785 1033 1849 magna
1055 1764 1169 1828 talium
1192 1785 1265 1827 cou-

121 1868 314 1933 iecturarum
338 1891 397 1934 nec
420 1870 508 1936 fides.
555 1872 600 1936 Et
622 1871 729 1936 Oresti
753 1872 825 1956 quis
849 1872 912 1934 sibi
936 1870 1131 1955 persuadeat
1154 1869 1192 1932 de
1216 1870 1263 1933 in·

125 1977 214 2041 sauia
236 1976 355 2041 librum
380 1976 521 2043 dicatum
545 2000 615 2042 esse
633 1978 812 2042 honorifica
830 1978 1007 2041 voluntatis
1026 1977 1266 2056 testificatione,

124 2082 207 2164 quod
236 2083 271 2146 in
297 2083 385 2147 illius
414 2084 556 2150 indolem
580 2086 689 2170 aliquo
714 2085 809 2149 modo
833 2084 922 2151 notio
946 2085 1093 2149 insaniae
1116 2083 1265 2148 caderet?

125 2186 258 2272 Deque
282 2190 409 2273 quidem
434 2192 580 2275 exemplo
604 2192 651 2256 sic
675 2192 784 2275 potius
809 2191 1014 2255 statuendum
1038 2190 1177 2273 videtur,
1206 2190 1263 2254 ali-

119 2317 184 2378 qua
207 2318 285 2360 saue
308 2296 341 2360 iu
365 2318 489 2381 caussa,
513 2319 569 2361 eur
592 2297 632 2361 ad
656 2297 837 2361 Romanum
857 2297 1005 2361 Orestem
1028 2298 1067 2362 de
1090 2297 1149 2361 tali
1173 2316 1265 2380 argu-

119 2407 230 2467 mento
244 2401 351 2467 Varro
370 2403 535 2486 scriberet,
551 2404 754 2488 cognominis
774 2404 1008 2487 cogitationem
1027 2403 1135 2467 herois
1154 2404 1262 2468 fuisse.

124 2505 297 2573 Praeterea
311 2509 493 2574 adventicia
507 2531 577 2574 esse
596 2510 751 2573 leviorum
771 2531 877 2573 rerum
892 2511 984 2574 varia
998 2511 1125 2574 occasio
1144 2511 1264 2593 potuit:

119 2613 155 2677 id
184 2615 268 2699 quod
296 2616 376 2680 adeo
404 2619 585 2680 monstrare
608 2621 696 2680 certo
720 2616 867 2699 exemplo
891 2616 975 2680 licet.
1021 2612 1169 2699 Namque
1193 2638 1265 2681 eum

120 2720 360 2807 logistoricum,
389 2744 405 2785 e
434 2745 497 2806 quo
526 2723 656 2786 uberior
684 2744 780 2806 quam
809 2743 826 2783 e
854 2720 986 2803 reliquis
1011 2727 1158 2804 superest
1181 2722 1265 2807 frag-

118 2833 303 2893 mentorum
326 2830 429 2913 copia,
452 2830 506 2915 qui
530 2834 581 2893 est
599 2831 635 2893 de
654 2828 756 2893 liberis
774 2829 946 2904 educandis,
970 2827 1009 2891 ad
1025 2825 1143 2892 Oatum
1157 2827 1263 2895 Varro
1277 2849 1311 2888 ιι

117 2935 253 3019 scripsit
275 2942 458 3021 propterea,
482 2930 567 3022 quod
590 2937 628 3001 de
653 2959 690 3000 eo
714 2937 787 3019 ipso
811 2938 1003 3018 argumento
1027 2932 1185 2998 Varronis
1209 2937 1265 3001 ille

118 3044 319 3108 seutentiam
342 3044 561 3128 exquisiverat
584 3044 710 3127 sibique
736 3047 771 3107 ut
794 3042 1003 3106 consiliorum
1027 3039 1156 3104 adiutor
1180 3047 1266 3106 esset

100 3154 301 3232 legaverat.
341 3150 547 3235 intellegitur
570 3151 656 3215 enim
681 3150 742 3213 hoc
767 3172 804 3212 ex
828 3149 869 3212 iis
893 3148 1000 3212 verbis
1024 3169 1044 3209 a
1062 3144 1169 3210 Nonio
1193 3170 1266 3231 pro·

115 3251 197 3319 ditis
226 3279 257 3339 p.
282 3257 333 3337 77,
366 3257 482 3340 quibus
511 3255 626 3322 Oatum
656 3261 792 3340 apparet
819 3256 853 3319 in
882 3254 952 3338 ipso
982 3254 1057 3318 libri
1086 3254 1218 3319 exordio
1246 3278 1265 3320 a

104 3353 267 3425 'Varrone
291 3362 521 3445 compellatum
540 3385 625 3427 esse:
655 3363 754 3426 Varro
768 3361 844 3426 cato
858 3363 904 3425 vel
917 3362 953 3425 dc
967 3361 1070 3425 liberis
1082 3363 1263 3428 educandis:

97 3468 199 3545 {paud
218 3469 328 3549 petisti
353 3473 389 3531 at
414 3471 479 3534 cira
501 3469 690 3534 edarcationis
711 3469 814 3549 fieren
837 3468 893 3532 tibi
914 3469 1026 3546 socan,
1057 3471 1159 3548 quoad
1174 3471 1265 3550 potui

101 3573 341 3638 «adminiculari
363 3579 450 3639 trram
471 3577 658 3640 uolatntutan
675 3575 837 3639 scribendo.
871 3571 933 3636 Sed
951 3573 980 3637 is
999 3575 1129 3656 quidem
1145 3573 1264 3640 Catus

115 3681 191 3760 quis
215 3679 329 3764 fuerit,
361 3681 596 3765 incompertum
621 3679 723 3744 nobis.
769 3677 843 3742 Nisi
872 3677 956 3760 quod
984 3682 1112 3760 praeter
1135 3678 1264 3745 Aeliam

112 3790 248 3867 gentem
272 3784 372 3852 Oatos
402 3789 509 3853 nullos
540 3787 705 3852 exstitisse
735 3786 898 3868 novimuS,
930 3784 1027 3866 prisci
1056 3789 1164 3849 autem
1183 3785 1263 3852 Sex.

110 3890 205 3957 Aelii
220 3893 313 3958 Paeti
329 3892 403 3959 Cati
422 3915 523 3979 genus
547 3899 616 3959 turn
641 3916 706 3958 non
730 3895 924 3958 exstinctum
949 3892 1048 3955 fuisse
1072 3891 1147 3957 hine
1171 3892 1263 3957 disci·

118 4016 199 4081 mus,
222 4000 309 4083 quod
335 4002 409 4066 anui
435 4002 499 4066 756
523 4002 685 4065 consulem
710 4001 788 4064 fasti
812 3998 955 4082 produnt
978 3995 1048 4061 Sex.
1073 3996 1201 4060 Aelium
1227 3999 1263 4074 Q.

119 4099 157 4167 ll.
177 4103 303 4170 Catum.
350 4105 500 4172 Ceterum
524 4109 736 4172 inveteratum
762 4128 873 4170 eorum
898 4126 1049 4186 errorem,
1074 4103 1129 4186 qui
1154 4127 1262 4188 perpe-

120 4228 186 4274 ram
211 4213 416 4296 interpretati
440 4215 523 4278 haue
546 4214 808 4278 testimoniorum
832 4212 970 4274 formam
986 4209 1073 4273 ‘Can
1096 4210 1142 4273 vel
1159 4212 1196 4274 de
1213 4212 1263 4275 lib.

122 4317 210 4381 edric?
235 4319 277 4382 ad
301 4320 443 4402 aliquem
468 4318 634 4404 Catonem,
656 4321 756 4384 immo
781 4319 819 4381 ad
845 4318 948 4399 ipsum
967 4315 1155 4380 Censorium
1179 4316 1264 4383 hune

99 4497 103 4501 ‚
124 4419 343 4508 logistoricum
368 4427 570 4511 rettulerunt,
595 4429 675 4492 satis
699 4432 750 4491 est
772 4424 867 4488 hodie
892 4424 1008 4488 leviter
1025 4423 1263 4507 perstrinxisse.
