2924 5046
446 333 659 383 rnsuusuru
682 331 869 382 susurrus.
1168 310 1230 376 189

44 480 312 568 P6lybadisce.
357 479 399 545 B.
427 482 532 545 merim
555 500 645 564 spem
669 478 764 562 cupio
789 475 955 561 cdnsequi:
979 473 1102 561 Sequor
1123 473 1231 539 he‘rcle

43 612 146 663 eam
173 587 320 673 quidem:
338 587 416 651 nam
429 587 571 652 libenter
585 586 657 650 mea
671 588 802 669 sperata
816 581 1014 666 ednsequor.'
1042 582 1087 647 Et
1100 580 1232 667 egregie

45 696 220 786 quidem
244 693 442 759 vindicatum
466 694 591 758 adsensa
617 691 734 756 merito
757 689 911 773 probavit
932 687 1108 753 Muellerus
1131 687 1232 771 praef.

46 801 179 872 Festi
208 823 239 884 p.
262 818 357 885 κων,
389 821 530 885 ususque
558 821 595 865 eo
623 798 693 883 ipse
721 821 793 863 sum
822 797 861 861 ad
892 794 1075 861 Trinummi
1105 816 1233 859 versum

51 910 178 977 1118
205 906 462 973 instaurandum.
512 903 634 972 Verum
664 905 703 970 de
733 904 867 989 reliquis
899 902 1074 968 adsensum
1103 900 1234 967 cohibet

50 1017 228 1104 primum
250 1013 347 1079 metri
369 1033 486 1097 genus:
509 1032 569 1076 nec
591 1011 678 1076 enim
701 1010 795 1076 valde
819 1009 972 1076 credibile
991 1014 1041 1074 est
1059 1008 1233 1074 octonariis

53 1133 150 1189 tam
185 1121 396 1206 tranquillam
424 1118 729 1184 sermocinationem
762 1118 919 1183 inclusam
951 1115 1060 1181 fuisse.
1109 1113 1233 1179 Deinde

58 1234 199 1294 autem
232 1228 319 1312 quod
351 1227 392 1292 ad
425 1227 661 1292 sententiarum
688 1227 849 1297 rationem
881 1225 1012 1308 attinet,
1045 1224 1119 1306 etsi,
1152 1245 1233 1307 quae

63 1333 250 1420 Scaliger,
274 1332 481 1421 Spengelius,
503 1333 680 1398 Muellerus
703 1334 890 1418 posuerunt,
913 1330 1116 1396 commodum
1140 1330 1233 1394 intel·

68 1441 210 1504 lectum
233 1440 354 1506 habere
378 1462 450 1506 cum
473 1439 681 1507 Lachmanno
704 1460 803 1524 nego,
835 1441 945 1503 tamen
972 1437 1057 1503 idem
1083 1457 1168 1521 nego
1192 1437 1233 1501 ab

72 1546 149 1610 boc
183 1549 253 1632 ipso
281 1570 349 1614 non
375 1547 553 1613 mediocres
582 1568 659 1611 sane
686 1546 816 1610 illarum
844 1544 1053 1611 difficultates
1077 1543 1156 1608 satis
1181 1564 1234 1606 ex-

79 1652 221 1735 peditas
244 1677 324 1730 esse.
370 1652 432 1729 Qui
456 1674 528 1717 cum
551 1651 656 1736 prima
678 1651 776 1716 verba
799 1649 861 1716 ‘Ne
884 1701 892 1717 .
916 1700 924 1716 .
947 1699 955 1714 .
979 1699 986 1714 .
1009 1647 1234 1733 Polybadisce'

85 1759 222 1825 mulieri
244 1760 369 1843 tribuit,
391 1759 517 1843 reliqua
539 1756 752 1842 adulescenti,
774 1757 869 1823 huius
892 1757 1021 1843 quidem
1045 1759 1078 1820 et
1096 1757 1235 1841 argutis-

92 1862 212 1930 simum
234 1887 426 1951 responsum
449 1864 558 1949 fingit,
581 1867 614 1929 et
636 1865 671 1928 in
693 1886 757 1949 quo
781 1863 894 1929 eadem
917 1885 1050 1948 prorsus
1075 1864 1237 1928 sententia

10 2046 12 2053 Ι
99 1988 169 2034 eum
197 1973 229 2036 in
255 1972 416 2054 principio
443 1976 514 2034 tum
542 1971 576 2033 in
598 1971 663 2033 fine
686 1970 810 2053 redeat,
842 1974 875 2034 et
898 1974 1065 2053 praeterea
1088 1992 1160 2035 curn
1184 1970 1237 2035 ad-

104 2076 254 2141 versativa
280 2077 441 2161 particula
472 2076 573 2142 etiam
601 2098 699 2140 sanus
727 2074 806 2141 ordo
836 2076 1042 2141 desideretur.
1087 2076 1121 2141 Is
1150 2077 1236 2141 enim

111 2177 177 2243 tulis
200 2181 305 2266 potius
334 2181 462 2248 futurus
490 2186 574 2248 erat:
611 2180 728 2248 ‘immo
757 2204 886 2266 sequor,
917 2204 993 2248 nam
1015 2205 1122 2250 meam
1146 2206 1237 2269 spem

119 2287 197 2368 cupio
218 2290 369 2373 consequi
377 2288 397 2372 ’,
430 2293 487 2354 aut
510 2288 624 2354 ‘immo
654 2310 783 2373 sequor,
810 2311 885 2354 nam
910 2289 1047 2355 libenter
1069 2313 1142 2356 mea
1165 2313 1234 2375 spe·

123 2393 178 2454 rata
196 2393 394 2480 consequor'.
438 2394 539 2461 Porro
566 2395 647 2461 haec
674 2396 746 2480 ipsa
770 2395 932 2480 ‘sperata'
956 2419 1022 2462 non
1046 2397 1110 2462 levi
1134 2398 1231 2463 offen·

48 2526 55 2537 ·
127 2493 190 2562 sioni
208 2508 291 2585 sunt,
322 2524 400 2567 nam
423 2502 510 2585 etsi,¹
532 2524 613 2586 quae
642 2524 749 2586 spero,
781 2525 915 2587 possum
939 2501 1100 2589 ‘sperata’
1123 2504 1237 2587 dicere,

130 2603 209 2672 buren
234 2608 322 2674 ‘mea
351 2607 495 2693 eperata’
527 2630 638 2674 vereor
666 2615 703 2674 ut
734 2609 872 2674 latinum
898 2611 946 2677 sit
977 2614 1033 2675 aut
1063 2610 1234 2675 cottidiani

134 2707 217 2778 Sallen
237 2716 395 2781 sermonis
423 2716 531 2800 latini,
563 2738 636 2781 cum
663 2715 824 2800 ‘sperata'
852 2738 919 2782 non
946 2717 1026 2781 item
1054 2720 1090 2780 ut
1117 2714 1236 2780 ‘dicta'

134 2807 218 2884 ‘suta'
245 2827 279 2887 et
311 2823 432 2888 similia
464 2822 660 2888 substantivi
693 2826 844 2888 naturam
877 2822 1049 2888 induerint.
1093 2820 1139 2885 Et
1168 2822 1238 2906 ipse

10 2954 15 3011 j
135 2912 206 2990 Varro
226 2951 304 3013 quae
328 2930 363 2994 in
386 2931 449 2994 tine
472 2929 571 2994 verba
593 2930 711 2995 subicit
734 2929 853 3014 ‘neque
877 2929 934 2994 illa
957 2932 1088 3013 sperata
1111 2926 1187 3011 est',
1210 2929 1238 2992 si

12 3086 16 3095 .
137 3022 339 3112 duplicitatem
360 3033 596 3117 interpretandi
619 3036 791 3119 sequimur,
814 3035 960 3120 profecto
979 3041 1133 3101 nontam
1153 3034 1240 3120 ‘spe-

10 3187 19 3224 :
136 3134 258 3204 ulomm’
284 3141 454 3206 notionem
482 3144 627 3225 spectare
655 3141 849 3206 videbuntur
872 3164 968 3226 quarn
992 3142 1128 3207 alicuius
1152 3142 1238 3226 ‘spe-

10 3306 17 3327 -.
138 3239 211 3306 mtte’
230 3248 425 3313 mentionem
447 3269 486 3312 ex
509 3247 589 3332 ipsis
612 3248 774 3313 Astrabae
797 3249 943 3315 versibus
966 3252 1121 3334 repetere.
1166 3248 1239 3314 Huc

10 3428 15 3435 μ
139 3347 226 3415 caedit
240 3354 323 3438 quod
342 3354 379 3417 in
396 3355 478 3419 cacas
496 3354 646 3419 exeuntia
664 3355 906 3440 hypocoristica
924 3377 1089 3420 servorum
1107 3356 1240 3423 nomina

141 3454 192 3514 ”llll
222 3464 253 3524 ut
293 3458 531 3526 ‘Collabiscus'
573 3459 759 3545 ‘Lyciscus'
801 3461 1013 3529 ‘Phaniseus'
1056 3461 1238 3548 ‘Syriscus'

10 3623 13 3628 .
138 3545 367 3648 l‘lampadisens'
377 3564 626 3651 ‘Milphidiscus'
636 3567 891 3656 ‘Olympiscus’),
906 3592 1005 3655 aeque
1021 3592 1058 3635 ac
1069 3569 1240 3634 muliebria

138 3651 309 3748 ‘Ampelisca'
339 3670 507 3736 ‘Halisca'
535 3670 755 3738 ‘Pardalisca'
784 3673 1070 3760 ‘Sophoclidisca',
1102 3698 1161 3741 nee
1188 3698 1239 3740 us·

10 3838 16 3848 ,
138 3776 248 3842 luduin
270 3776 440 3844 comoedia
461 3778 520 3843 tali
544 3778 683 3864 nomine,
707 3782 803 3865 quale
827 3786 877 3847 est
891 3782 1170 3868 ‘Polybadiseus’,
1193 3783 1240 3847 in-

10 3938 16 3973 ,
139 3883 226 3946 genuus
244 3884 429 3950 adulescens
452 3886 644 3969 appellatur.
658 3923 700 3932 —
719 3886 769 3952 Ex
792 3888 844 3953 bis
869 3890 1019 3954 omnibus
1044 3912 1240 3975 consequens

10 4057 14 4066 ,
137 3976 172 4037 ⁹⁸l
184 3987 212 4049 ll
224 4011 280 4058 uon
298 3992 415 4057 mulier
433 3994 466 4056 et
485 3996 612 4057 amator
630 3993 780 4077 conloqui
804 3995 983 4082 credantur,
1007 3997 1062 4061 sed
1086 4019 1159 4062 erus
1182 3997 1202 4061 i.
1214 4017 1241 4060 e.

138 4080 201 4154 elffifl
218 4097 291 4164 filius
316 4120 391 4164 cum
414 4120 517 4163 servu.
553 4096 704 4164 Amicam
727 4100 777 4164 vel
796 4122 893 4184 quam
917 4104 1049 4168 amabat
1073 4104 1240 4167 mulierem

138 4206 307 4269 conventurus
331 4226 405 4269 erus
425 4203 677 4289 Polybadiseum
701 4207 792 4291 sequi
816 4230 849 4272 se
873 4207 974 4293 iubet,
997 4233 1063 4276 non
1086 4213 1189 4275 vetat:
1213 4208 1241 4271 is

139 4296 223 4409 subm,
241 4310 291 4396 qui
315 4310 469 4376 ancillam
491 4311 580 4376 illius
604 4312 727 4376 amicae
751 4336 858 4378 amare
883 4315 1044 4398 putandus
1065 4322 1123 4400 est,
1148 4338 1185 4380 eo
1206 4338 1239 4379 se

13 4445 14 4448 ¹
141 4395 255 4480 hbenljug
277 4419 368 4502 sequi
391 4417 579 4504 respondet,
611 4419 697 4503 quod
725 4441 813 4483 erum
843 4421 1003 4504 sequendo
1027 4424 1122 4487 simul
1152 4443 1241 4487 suae
