2888 5040
511 361 782 409 niscrramaavu
807 363 929 409 erasis.
1223 344 1286 408 401

190 522 235 565 ran
252 508 375 568 navaret
398 525 505 587 suam,
528 505 648 589 quippe
672 526 752 588 quos
775 503 946 588 probabile
970 503 1014 566 sit
1037 506 1110 565 octo
1133 524 1290 566 novemve

190 609 253 672 annis
276 615 347 694 post
376 611 478 676 libros
509 612 548 676 de
577 634 612 675 re
642 611 862 700 rusticatesse
894 610 1075 691 absolutos,
1107 607 1145 671 de
1173 609 1290 692 quibus

188 710 258 792 ipsias
280 721 383 782 exstat
409 719 444 782 in
471 718 674 802 praefatione
702 717 934 781 testimoniam.
980 714 1064 778 Hinc
1088 718 1196 779 autem
1221 717 1291 780 fieri

187 820 328 889 abiectura
354 829 478 910 potest,
507 847 603 910 quam
632 828 778 888 maturae
802 827 834 887 et
856 827 1024 905 tamquam
1048 826 1291 887 consummatae

186 927 336 996 eruditionis
359 931 523 996 thesauris
547 929 582 993 hi
605 929 813 1013 potissimum
836 928 913 992 libri
936 927 1047 991 referti
1071 928 1201 995 fuerint.

244 1300 315 1369 Sero
347 1304 556 1390 Koppianam
595 1302 771 1367 editionem
803 1301 960 1366 Marciani
993 1299 1144 1384 Capellae
1176 1307 1292 1367 nactus

173 1401 221 1466 ridi
247 1407 463 1475 varronianae
491 1410 656 1474 doctrinae
686 1409 825 1493 vestigia
847 1410 881 1472 in
904 1407 1072 1472 Marciano
1096 1406 1187 1472 Η.
1212 1408 1292 1477 Her·

170 1527 301 1578 mannum
324 1537 453 1600 quoque
477 1515 648 1600 agnovisse
671 1513 771 1596 praef.
795 1536 825 1596 p.
849 1512 919 1596 XX,
943 1514 1048 1595 ipsum
1074 1519 1180 1578 autem
1206 1515 1292 1598 Kop-

169 1612 246 1696 pium
266 1622 385 1704 pariter
412 1643 451 1686 ac
477 1643 537 1685 nos
561 1623 582 1701 ὅ
606 1620 641 1701 6,
668 1612 864 1701 talnisiacum
887 1620 1007 1683 insulas
1029 1620 1063 1683 in
1085 1621 1293 1703 nympbanim

171 1728 345 1792 convertisse
367 1750 399 1811 p.
423 1728 497 1792 722.

246 1885 409 1952 Praeterea
442 1887 709 1971 permemorabile
743 1887 895 1971 quiddam
925 1888 1104 1951 addendum
1133 1893 1182 1950 est
1205 1891 1225 1966 ξ
1252 1888 1292 1951 12

178 1981 425 2070 disputatoribus
442 1993 573 2057 nostris.
605 1992 703 2057 Forte
722 1993 808 2056 enirn
824 1993 957 2057 fortuna
971 1994 1005 2057 in
1017 1992 1160 2058 Walehii
1176 1994 1292 2058 Emen-

182 2087 297 2162 dationes
319 2098 471 2165 Livianae
495 2100 638 2164 incidens
661 2123 692 2182 p.
709 2101 771 2164 172
786 2123 833 2184 sq.
857 2122 898 2165 ea
921 2100 1029 2183 posita
1052 2101 1188 2184 repperi,
1211 2123 1293 2184 quae

183 2197 243 2265 mihi
260 2227 317 2269 non
341 2210 487 2289 tempero
510 2206 587 2290 quin
613 2207 783 2270 ascribam.
812 2205 895 2271 Sunt
918 2212 1025 2271 autem
1050 2207 1143 2271 haec:
1166 2208 1294 2289 Insipne

184 2308 217 2367 al
232 2306 375 2399 (lacunae)
399 2312 571 2395 eaemplnm
593 2311 754 2376 Prisciani
776 2304 827 2378 bb.
841 2313 866 2376 I
879 2336 913 2396 p.
927 2317 991 2378 546
1014 2314 1136 2379 Hrtsclt.
1161 2313 1295 2378 ‘Accidit

184 2412 255 2493 laba
272 2419 386 2484 litterae
407 2439 532 2495 norm,
554 2425 703 2501 potestat,
730 2421 842 2502 ficara.
888 2421 1023 2499 Nomen,
1054 2423 1147 2485 acbdi
1169 2443 1198 2484 a.
1221 2421 1247 2485 b.
1270 2442 1293 2484 c.

179 2517 217 2582 Et
234 2533 295 2589 nint
319 2525 551 2591 indeclinabilia
577 2527 791 2591 elementorum
813 2530 943 2591 nentina
966 2534 1030 2591 tani
1052 2529 1138 2608 opiid
1160 2527 1295 2592 Graecos

176 2646 252 2708 aasz
276 2634 360 2714 apnd
388 2633 538 2696 Latinos:
570 2635 632 2696 siae
662 2635 745 2714 qaod
772 2655 792 2696 a
824 2634 965 2697 barbaris
994 2635 1118 2696 inventa
1148 2635 1293 2697 dicentur

171 2731 300 2814 (madet
325 2741 454 2803 ostendit
487 2753 620 2808 VARRO
650 2741 684 2802 in
710 2741 838 2804 sanndc
866 2741 902 2803 de
929 2740 1113 2820 antiquitate
1135 2741 1296 2804 literarum

168 2841 264 2908 docens
288 2845 393 2927 linprca
417 2844 646 2910 Chaldaeorum
673 2847 869 2929 sinpnlararn
900 2848 1029 2910 norreina
1062 2847 1222 2910 literarum
1254 2846 1298 2909 ad

163 2970 263 3014 anim
282 2953 400 3031 forinas
422 2973 484 3016 essa
504 2953 622 3031 faetas,·
646 2958 674 3016 et
694 2974 731 3016 ca
748 2953 797 3017 liis
815 2958 928 3016 cotani
947 2953 1017 3033 sieri
1035 2973 1083 3016 cos
1102 2973 1163 3016 csse
1175 2953 1297 3034 pirineos

159 3062 290 3122 auctaas
318 3059 524 3140 litterarum.)
551 3061 614 3124 siae
642 3062 723 3141 qnod
749 3060 905 3142 sinnilicia
931 3059 1004 3124 liacc
1030 3065 1058 3123 ct
1083 3059 1208 3123 stabilia
1237 3080 1297 3123 esse

155 3164 274 3229 debcrtt’
296 3171 346 3230 etc.
399 3166 549 3229 Varronis
572 3168 684 3247 lamini,
714 3190 773 3249 qna
801 3188 905 3231 arianas
927 3173 1031 3231 carent
1054 3167 1212 3231 Prisciani
1235 3168 1296 3230 cdi-

152 3275 264 3348 tione,
290 3273 377 3336 addit
398 3272 471 3337 MS.
495 3271 720 3337 Gnitcrianrnn
743 3295 827 3337 neeric
849 3273 1194 3356 [lucduno-Batanaia,
1217 3275 1299 3355 qnod
1428 3283 1433 3291 '

148 3379 262 3444 tabuit
283 3381 402 3459 quidem
427 3379 599 3458 Patscleins,
622 3382 675 3444 sed
695 3403 754 3462 qno
777 3381 914 3462 (proptor
935 3383 1107 3462 scripturae
1129 3383 1297 3463 diffini-lta-

147 3486 228 3567 tem)
257 3485 509 3567 napliyeretissime
538 3507 613 3551 resne
641 3492 692 3550 est.
751 3487 868 3550 Locnm
897 3489 962 3551 iarn
988 3490 1121 3569 pnotnlit
1150 3491 1297 3553 Bondani

153 3593 233 3656 aar.
247 3591 328 3655 Lact.
343 3592 393 3670 ΙΙ,
416 3598 457 3657 13
474 3616 507 3675 p.
521 3599 595 3670 296,
618 3595 670 3657 sed
691 3595 766 3658 adeo
789 3600 937 3676 corricpte,
960 3600 995 3657 nt
1017 3597 1206 3660 eiiandatins
1229 3617 1297 3659 enm

140 3698 289 3783 posuisse
317 3701 446 3762 nuinimc
470 3702 633 3781 poeniteat.
679 3699 879 3764 Gravissima
912 3701 1012 3786 igitur
1045 3702 1297 3786 planissimoque

143 3807 344 3871 documento
369 3806 434 3869 iam
458 3809 628 3889 utrumque
646 3807 868 3890 confirmatur,
891 3812 924 3869 et
946 3808 1141 3890 peculiarem
1166 3831 1298 3891 operam
1312 3830 1338 3869 as

143 3913 335 3979 Varronem
363 3913 398 3976 in
427 3913 610 3977 litteramm
639 3913 821 3976 rationibus
850 3914 1049 3997 explicandis
1078 3916 1238 3998 posuisse,
1266 3920 1299 3978 et

143 4042 224 4086 eam
238 4040 304 4083 non
319 4040 393 4102 uno,
416 4018 473 4082 sed
491 4019 639 4103 pluribus
654 4020 745 4082 libris
761 4025 956 4084 contentam.
989 4020 1170 4106 Vtrumque
1189 4028 1298 4087 autem

142 4149 224 4194 cum
249 4147 382 4208 prorsus
407 4125 440 4188 in
465 4125 631 4189 simillima
653 4126 841 4189 testimonia
864 4127 922 4190 illa
946 4128 1054 4209 cadat,
1078 4128 1194 4211 quibus
1218 4128 1298 4192 Var-

141 4233 240 4301 ronis
273 4233 310 4295 dc
340 4232 459 4314 oripinc
490 4232 613 4313 linquae
640 4232 756 4295 latinae
784 4234 876 4297 libros
899 4235 1070 4317 Apuleius,
1103 4237 1146 4298 ad
1167 4236 1297 4299 Accium

143 4342 245 4407 libros
268 4338 443 4422 Po‘mpeius
472 4343 776 4421 commemorarunt,
806 4340 881 4422 quid
910 4362 1029 4424 quaeso
1059 4340 1099 4404 ad
1123 4342 1297 4424 probabili·

143 4454 252 4515 tatem
272 4445 407 4530 propius
427 4448 536 4529 potest
549 4444 698 4509 accedere
713 4468 809 4529 quam
825 4447 954 4512 eosdem
969 4448 1079 4530 librae,
1098 4471 1178 4532 quos
1195 4448 1299 4514 Varro

203 4573 246 4606 aa
263 4570 415 4604 srrsennan
431 4569 564 4604 orvacvua
584 4571 624 4603 ιιι.
1052 4560 1086 4607 ‘26
