2924 5046
439 373 483 419 zo
507 370 768 418 ussururscues
793 369 964 417 turones.
1208 348 1273 413 835

132 518 229 602 l'rag.
253 516 369 601 fragm.
393 516 502 581 coroll.
525 538 555 599 p.
578 513 641 579 XII
661 533 713 598 sq:
739 513 811 578 Nisi
835 513 920 598 quod
943 512 1122 578 Vulcanius
1145 512 1275 596 quidem

131 625 237 690 voluit
254 624 394 689 fortasse
413 623 601 688 endoteridw
619 621 791 704 emendari,
809 641 923 704 reapse
941 623 1052 684 tamen
1067 619 1147 684 haee
1166 620 1275 703 potius

130 732 263 815 scripsit
290 728 482 796 ‘Natarum’
511 752 541 812 p.
565 730 622 812 36,
646 729 701 792 24:
739 717 939 811 ‘Ecstor-adia,
970 730 1004 789 et
1035 726 1121 791 infra
1152 727 1208 791 lin.
1232 728 1274 793 38

130 840 279 919 Etcridc]
304 837 380 922 Lag.
399 837 577 901 Emtoridia
599 857 658 919 pro
677 836 814 919 Interea,
838 838 873 898 ut
891 834 1033 898 Postidia
1056 856 1115 917 pro
1135 833 1324 919 Postea':1v

131 945 249 1009 calami
273 966 381 1008 errore
404 946 441 1007 ut
468 946 619 1026 putamus
644 941 803 1006 nutritio
832 940 1032 1024 typothetae.
1068 941 1106 1005 Id
1130 942 1214 1025 quod
1238 963 1276 1005 eo
1373 1022 1380 1031 ,

131 1050 335 1136 probabilius
369 1050 420 1134 fit,
452 1050 537 1133 quod
566 1036 761 1113 Vulcanium
794 1047 968 1113 monstrari
1000 1051 1110 1131 potest
1138 1070 1210 1112 cum
1243 1050 1277 1111 in

132 1157 317 1222 adnotando
336 1156 515 1221 Philoxeno
539 1159 609 1220 tum
631 1156 666 1220 in
685 1156 815 1220 edendis
839 1156 1112 1239 emendandisque
1136 1152 1277 1220 ‘Isidori’

133 1265 189 1349 qui
212 1263 316 1328 fertur
339 1263 458 1348 glossis
481 1266 588 1327 totum
617 1264 757 1346 pendere
780 1289 796 1327 e
820 1261 978 1347 Scaligeri
1001 1263 1211 1327 auctoritate:
1239 1267 1276 1327 ut

132 1372 220 1435 hune
250 1371 359 1454 ipsum
389 1370 550 1454 cogitasse
581 1369 619 1433 de
649 1370 838 1434 endoteridia
866 1368 972 1434 forma
1001 1369 1069 1435 veri
1097 1370 1203 1434 simile
1227 1370 1279 1434 sit.

134 1477 219 1541 Hine
243 1476 365 1560 aliquid
390 1476 458 1540 eius
478 1467 524 1539 rei
547 1497 755 1560 permanasse
774 1476 815 1540 ad
834 1474 1012 1541 Meursium
1030 1477 1167 1560 videtur,
1190 1477 1279 1542 cuius

134 1584 215 1648 haec
237 1583 337 1647 verba
357 1585 435 1645 sunt
456 1583 490 1644 in
510 1581 789 1647 Exercitationum
813 1583 883 1647 crit.
902 1586 995 1667 parte
1014 1582 1030 1648 I
1053 1580 1159 1669 (edita
1176 1581 1278 1668 Lugd.

132 1691 205 1754 Bat.
234 1712 262 1753 a.
292 1687 392 1774 1599)
428 1712 457 1771 p.
487 1690 543 1772 69,
574 1689 759 1772 spectantia
794 1711 832 1753 ea
866 1689 907 1754 ad
937 1686 1074 1754 Casinae
1111 1690 1280 1756 Plautinae

137 1797 218 1881 prol.
254 1818 282 1860 v.
311 1795 367 1859 33:
409 1792 538 1859 ‘Scribo
568 1797 709 1876 postidea
742 1815 876 1860 rursum.
926 1793 1011 1859 Nam
1046 1794 1210 1879 dicebant,
1244 1800 1281 1862 ut

136 1906 250 1969 notum
279 1907 343 1984 est,
370 1901 521 1984 Aulodes,
549 1900 706 1985 Postidea,
734 1901 900 1966 Intertdea.
937 1901 982 1965 Et
1008 1903 1092 1967 male
1121 1903 1217 1967 hodie
1246 1904 1281 1966 in

137 2009 258 2095 glossis
286 2008 406 2093 legitur
429 2007 612 2092 Eatoridic,
639 2012 675 2074 ἐν
702 2015 749 2094 τῷ
773 2009 898 2088 μεταξύ.
936 2006 1049 2074 Scribo
1072 2010 1282 2076 Endoteridea

135 2138 194 2200 pro
225 2112 400 2179 Interidc'af
452 2114 517 2179 Vbi
547 2119 581 2178 et
610 2118 723 2180 notum
754 2115 786 2179 id
817 2136 887 2178 esse
918 2113 1008 2198 dicit,
1043 2116 1180 2202 dequo
1210 2117 1310 2200 ipso,

133 2222 320 2307 quaeritur,
362 2226 395 2285 et
430 2223 676 2305 perversissima
711 2220 898 2286 Plautinum
939 2243 1066 2287 versum
1103 2225 1282 2289 mutatione

133 2327 363 2414 pessumdedit
394 2364 432 2374 -
468 2326 618 2392 Ceterum
646 2329 736 2394 nulla
764 2352 834 2394 esse
866 2330 1028 2395 dubitatio
1057 2334 1166 2418 potest
1193 2332 1280 2415 quin,

136 2458 218 2519 quae
254 2436 289 2498 in
319 2433 514 2499 Kalendario
544 2435 755 2500 Praenestino
790 2440 841 2499 ter
875 2439 983 2500 exstat
1012 2435 1075 2501 ΕΝ
1103 2440 1196 2516 nota,
1232 2441 1283 2500 sat

136 2564 232 2626 saepe
256 2563 293 2605 ea
316 2541 414 2604 etiam
442 2541 476 2604 in
495 2542 610 2606 ceteris
635 2542 770 2626 rediens,
792 2563 858 2606 non
881 2542 924 2606 sit
948 2543 1043 2606 aliter
1064 2544 1128 2607 nisi
1151 2545 1282 2607 endebr-

137 2650 219 2713 visus
242 2647 483 2729 interpretanda
507 2647 544 2709 eii
569 2647 670 2729 ipsius
694 2646 802 2710 Verrii
825 2645 934 2711 Flacci
958 2651 1127 2715 sententia.

643 2915 792 2922 ...-——-.-.-

175 3143 230 3230 10)
254 3143 560 3228 Mittheilungen
584 3165 649 3206 aus
673 3143 748 3206 und
772 3142 867 3208 uber
889 3145 1248 3234 Handschriften.*)

277 3341 304 3403 1.
334 3340 445 3404 Versus
466 3340 501 3404 de
524 3338 604 3402 XII
622 3341 719 3404 centis
744 3340 962 3422 Tranquilli
985 3342 1148 3425 Plrpsici.

227 3501 293 3566 Der
312 3500 623 3564 auvorlrommenden
637 3500 727 3563 Gute-
741 3500 796 3563 des
816 3498 923 3565 Herrn
945 3503 1122 3589 Theodor
1142 3503 1285 3569 Oehler
1299 3526 1339 3564 rao

139 3630 197 3672 aus
221 3605 397 3670 Prankfurt
420 3629 447 3671 a.
471 3606 527 3686 M„
556 3608 617 3672 den
646 3607 943 3691 bibliograpbische
967 3606 1101 3674 Studien
1129 3612 1174 3675 im
1202 3620 1284 3676 wilr-

139 3715 268 3798 digsten
292 3710 390 3776 Sinna
417 3714 473 3778 des
498 3714 629 3778 Wortes
653 3712 712 3777 auf
732 3714 950 3798 auswiirtigen
973 3714 1203 3781 Bibliothekeu
1232 3718 1284 3781 be·

140 3818 336 3903 sehbftigem
360 3819 545 3884 verdauken
569 3820 628 3884 wir
651 3821 723 3884 eine
742 3819 844 3885 Reibe
867 3845 930 3887 von
949 3821 1203 3908 Mittheilungen
1227 3847 1285 3890 aus

139 3925 356 3990 lateinischen
391 3922 661 4010 Handschriften,
702 3949 818 3992 wovou
855 3928 926 4010 wir,
969 3952 1037 3994 was
1079 3931 1111 3994 in
1149 3932 1286 3996 utherer

140 4030 327 4114 Beziehung
349 4052 405 4093 zur
427 4031 624 4097 classischen
648 4032 827 4099 Litteratur
850 4036 952 4121 steht,
975 4057 1054 4122 geru
1077 4060 1115 4102 au
1140 4038 1286 4103 weiterer

141 4137 319 4203 Kenntniss
342 4137 489 4228 bringen.
527 4127 591 4202 E'in
614 4140 785 4206 Britsseler
808 4140 915 4207 Codex
938 4143 994 4207 des
1017 4144 1168 4209 zubllten
1191 4143 1285 4209 Jahr·
1300 4163 1337 4203 ιω

140 4244 306 4327 bunderts‚
329 4245 494 4329 n.10721,
518 4245 646 4311 esthan
668 4251 762 4312 unter
785 4248 898 4333 obiger
919 4248 1110 4334 Aufschrift,
1133 4251 1213 4315 tiber
1235 4251 1287 4315 die

142 4396 355 4404 ..-.——.-----

232 4471 258 4539 *)
278 4469 389 4541 [suein.
408 4471 535 4527 nussum
554 4473 572 4530 r.
593 4474 694 4529 sunu.
714 4475 749 4530 N.
768 4476 798 4530 r.
819 4477 868 4533 ss.
888 4477 900 4529 1
919 4480 1010 4547 (1841)
1029 4498 1055 4548 p.
1079 4479 1240 4550 reo-140]

1019 4568 1075 4622 53*
