2924 5046
181 314 246 378 382
598 331 645 377 nu
669 332 702 377 u.
727 329 903 379 vaaaours

179 473 269 537 rimis
293 472 474 537 rhetoricae
498 473 683 537 auctoribus
707 478 941 557 excerptorum,
965 474 1082 559 quibua
1106 498 1166 543 aa.
1181 480 1283 543 teatin

178 580 234 643 nia
257 578 392 643 Rufinus
416 579 522 642 media
544 579 748 663 interposuit.
785 577 908 645 Contra
927 580 968 643 ad
987 585 1159 665 poetarum
1177 606 1283 650 numer

179 690 307 767 spectat
330 706 412 769 quae
431 683 588 749 Varronis
611 686 645 751 in
666 686 809 750 eiusdem
828 686 938 750 Rufini
958 686 1062 753 altero
1081 697 1283 756 commentar

178 791 235 874 qui
268 795 317 854 est
350 791 389 855 de
424 792 536 855 metris
565 793 709 877 comicis,
743 793 866 858 mentio
894 794 932 857 lit
958 815 988 877 p.
1011 795 1100 860 2713
1123 797 1158 861 P.
1187 799 1283 862 387¹

178 917 355 962 mensuram
381 918 442 962 esse
469 898 673 978 infatuatis.
697 950 704 963 .
728 949 736 964 .
760 950 767 964 .
792 950 798 964 .
821 901 928 964 dierat
949 900 1001 964 lai:
1033 902 1153 986 Cicero,
1181 904 1283 969 Seuer

176 1004 371 1083 Firmiaaus,
400 1004 499 1069 Vama
523 1026 548 1069 e.
568 1028 597 1090 q.
619 1028 656 1071 a:
679 1006 712 1095 in
737 1028 819 1090 quae
842 1007 942 1071 verba
964 1008 1036 1071 vide
1059 1031 1140 1093 quae
1164 1032 1283 1076 oomrns

177 1111 238 1174 tati
262 1133 372 1176 sumus
395 1111 561 1196 Parergon
585 1113 690 1177 Plaut.
714 1112 728 1175 l
752 1136 783 1196 p.
802 1114 867 1178 358
883 1136 951 1199 sqq.
1252 1098 1257 1111 ⁸

702 1295 721 1371 ξ
748 1293 796 1357 16.

269 1412 369 1478 Plene
400 1418 508 1479 antem
540 1419 573 1479 et
601 1418 748 1480 accurate
779 1416 806 1480 si
830 1417 958 1501 quaeris
981 1418 1039 1482 ubi
1061 1415 1168 1484 Varro
1191 1424 1283 1503 poet

177 1541 258 1582 rum
285 1524 411 1585 metra
434 1521 644 1604 explicaverit
666 1522 838 1607 deditaque
864 1546 965 1607 opera
988 1527 1204 1590 enarraverit:
1226 1548 1283 1590 nec

178 1629 375 1711 geometrica
404 1650 463 1693 nec
493 1651 510 1692 e
541 1631 664 1696 musica
691 1653 751 1696 nec
775 1653 791 1695 e
815 1631 978 1696 rhetorica
1001 1631 1061 1695 has
1086 1631 1283 1716 disputation

124 1762 128 1769 ·
176 1735 296 1817 nexuit,
326 1735 382 1799 sed
412 1737 613 1801 metricam
644 1760 715 1803 esse
743 1743 891 1822 partem
920 1739 1198 1824 grammaticae
1228 1739 1283 1804 diu

175 1842 284 1925 pliuae
310 1843 414 1908 voluit
436 1866 508 1909 cum
531 1844 694 1929 plerisque
716 1846 771 1929 qui
794 1851 869 1928 post
892 1867 964 1910 eum
988 1844 1020 1909 in
1043 1845 1156 1910 eodem
1176 1851 1283 1932 sunt!

175 1969 251 2013 nere
275 1949 444 2034 versati*):
478 1973 494 2014 e
529 1973 667 2035 quorum
699 1956 810 2016 tamen
839 1973 973 2017 numero
1003 1955 1036 2014 et
1057 1951 1266 2036 Augustinus

135 2077 162 2115 aa
176 2053 359 2119 Marcianus
379 2057 552 2122 eximendi:
576 2079 652 2122 nam
671 2058 710 2121 de
725 2056 919 2123 Oassiodoro
939 2057 1140 2140 incomperta
1159 2080 1220 2141 res,
1239 2080 1282 2142 qu

176 2161 244 2224 eius
277 2160 316 2224 de
348 2164 565 2246 grammatica
594 2167 692 2247 caput
722 2164 872 2228 mutilum
903 2163 938 2226 in
966 2165 1038 2228 fine.
1086 2162 1148 2227 Sed
1178 2163 1283 2229 Isidor

176 2287 253 2329 sane
284 2269 320 2331 de
351 2270 457 2333 metris
484 2269 648 2353 integrum
677 2271 773 2351 caput
796 2267 825 2351 l,
849 2269 907 2350 38,
931 2290 1127 2353 quamquam
1150 2291 1266 2351 parum

175 2371 385 2459 fructuosum,
409 2375 651 2440 commentariis
675 2375 714 2438 de
733 2375 948 2458 grammatica
966 2375 1034 2438 suis
1053 2375 1201 2439 inseruit.
1238 2375 1283 2440 Ill

175 2484 284 2544 autem
298 2480 404 2546 Varro
427 2503 487 2546 nec
510 2482 543 2546 in
557 2480 811 2564 Disciplinarum
835 2479 927 2546 libris
947 2481 1112 2562 praestitit
1129 2503 1199 2566 nec,
1222 2505 1283 2566 qua

174 2591 245 2657 tum
268 2587 408 2652 iudicare
433 2611 450 2652 e
473 2588 760 2674 grammaticorum
785 2586 914 2649 silentio
938 2587 1024 2669 licet,
1049 2589 1083 2650 ia
1102 2589 1193 2652 tetris
1210 2592 1247 2655 de
1265 2590 1283 2654 lt

171 2716 235 2777 para
266 2697 367 2759 latiora
397 2695 437 2758 ad
462 2693 664 2778 Ciceronem,
694 2715 807 2757 verum
837 2693 870 2755 iu
895 2693 940 2755 eis
965 2715 1045 2776 quos
1068 2696 1113 2758 ad
1133 2695 1283 2760 Marcella

175 2802 313 2886 scripsit.
358 2801 550 2867 Plenissime
579 2802 666 2865 enim
694 2799 756 2864 hoc
780 2822 797 2862 e
820 2799 929 2863 Rufini
954 2800 1063 2882 priore
1087 2806 1283 2866 commentar

108 2946 114 2957 ·
174 2909 397 2994 cognoscitur,
429 2931 491 2992 quo
525 2907 691 2973 doctrinae
722 2907 944 2971 Varronianae
979 2906 1148 2989 praeclara
1180 2906 1283 2971 frusto

172 3015 252 3079 hacc
275 3015 425 3079 servavit.
462 3015 497 3079 P.
521 3015 585 3078 379
605 3036 651 3097 sq.
676 3016 696 3093 ᾗ
715 3013 744 3076 6.
765 3014 782 3077 7
808 3011 921 3076 Gaisf.:
951 3012 1049 3076 Varro
1073 3014 1107 3076 ia
1128 3012 1213 3076 1⁷11:
1236 3015 1283 3079 ela

171 3122 395 3202 culuscunque
412 3122 553 3203 primum
575 3119 746 3200 appellatus
769 3120 883 3199 dimitat,
906 3119 987 3198 quoa
1008 3117 1184 3182 clamant
1205 3127 1283 3186 sente

244 3277 270 3345 *)
289 3277 361 3331 Nolo
381 3277 508 3347 exempla
526 3293 676 3346 congerere
695 3275 724 3328 in
743 3292 772 3329 re
788 3275 927 3328 confessa:
946 3274 1083 3328 concinna
1097 3278 1192 3330 antem
1207 3280 1283 3346 praet

172 3366 295 3434 reliquos
314 3366 452 3421 brevitate
472 3365 578 3420 Seneca
596 3365 675 3434 epist.
695 3369 729 3420 88
749 3363 824 3417 init:
848 3365 1042 3433 proculcatione
1061 3364 1135 3417 eirea
1153 3381 1283 3419 caeram

172 3457 260 3510 mauis
278 3461 410 3520 vacatur,
429 3459 454 3508 et
471 3455 497 3508 si
515 3455 600 3507 latius
618 3455 729 3521 eaapcri
746 3454 814 3517 uult,
833 3454 907 3506 circa
925 3453 1070 3516 historiam
1092 3453 1151 3506 iam
1169 3460 1202 3507 at
1220 3454 1283 3524 lma

171 3545 237 3598 aim
259 3545 327 3611 fiaes
349 3559 412 3597 sitos
432 3543 570 3610 proferat,
599 3543 673 3596 circa
697 3542 830 3595 catarsina.
869 3539 945 3604 Quae
964 3556 1028 3593 mox
1047 3539 1087 3593 sic
1105 3539 1283 3611 interpretati

171 3633 341 3703 syllabarum
364 3633 505 3686 enarratio
524 3636 548 3684 et
566 3631 708 3684 neruorum
725 3631 884 3698 dilipeatia,
907 3635 932 3683 et
949 3630 1110 3696 fabularum
1129 3633 1272 3695 timueris,

171 3736 297 3774 amanam
312 3721 355 3774 lea
369 3724 393 3774 et
407 3720 579 3786 modificatio.
603 3718 663 3773 Nec
677 3718 754 3773 aliud
770 3717 958 3782 Quintilianus
972 3720 1089 3786 spectat,
1109 3725 1179 3774 reete
1192 3722 1283 3790 laquea

170 3809 299 3862 actantiae
323 3813 347 3862 et
367 3814 513 3878 poetaram
535 3809 710 3863 enarrationi
732 3810 849 3861 aarumeea
874 3808 991 3876 iungens
1012 3808 1021 3859 l
1051 3824 1073 3862 c.
1093 3815 1123 3875 4,
1147 3810 1220 3863 utra
1237 3825 1283 3878 qut

170 3914 226 3952 arou
246 3912 326 3966 posse
348 3898 496 3965 perfectam
520 3914 575 3952 ease
595 3899 803 3967 prammaticea,
831 3914 892 3950 cuna
918 3899 943 3950 ei
965 3898 998 3951 de
1019 3899 1113 3951 metris
1135 3898 1283 3967 rtyttns'aq

170 3987 377 4042 dicendumst.
416 3985 522 4050 Quibus
540 3985 670 4040 addenda
688 3987 752 4039 sunt
770 4001 841 4054 quae
860 3984 895 4038 ‹le
914 3985 1099 4054 grammatica
1118 3986 1283 4043 musicaeai

171 4074 331 4129 consociata
357 4075 414 4128 sive
441 4074 568 4128 subiecta
593 4074 770 4143 persequitur
788 4074 813 4142 1,
835 4080 879 4141 10,
902 4079 931 4127 17
948 4091 989 4142 sq.
1032 4073 1136 4128 Contra
1159 4074 1283 4131 Marcion

171 4181 255 4231 quam
278 4162 399 4218 voluerit
417 4179 434 4216 a
452 4164 637 4234 grammatica
655 4163 824 4233 diremptam
843 4179 903 4217 esse
920 4161 1079 4230 metricam,
1104 4163 1148 4217 his
1167 4163 1283 4219 verbiat

171 4254 291 4307 stantem
309 4252 378 4307 facit
396 4253 551 4307 Minervam
569 4253 607 4306 Ill
635 4271 662 4321 p.
682 4258 729 4306 93:
754 4251 863 4305 namsi
880 4251 1061 4320 rhythmicum
1079 4253 1149 4321 qaid
1165 4254 1283 4308 metrica

169 4356 221 4408 que
239 4382 246 4395 .
266 4382 272 4395 .
292 4383 298 4394 .
319 4326 509 4412 assumpseris,
519 4343 642 4411 prosecta
662 4342 784 4396 Mamaea
802 4343 913 4410 impetu,
930 4341 1010 4394 caius
1019 4342 1175 4409 praeuntis
1187 4342 1283 4410 officia

170 4429 345 4499 discerpserit
363 4430 584 4500 (Grammatico).
