2924 5046
216 299 281 365 544
543 318 660 364 ursnu
682 299 827 365 vnsno’s
852 317 1031 364 rusoruvn

213 460 336 530 (traditi
363 459 540 525 0.Mn11er
568 461 720 525 enchirid.
745 461 831 526 arch.
855 463 875 540 ς
898 461 973 524 420.
996 458 1033 545 4)
1062 460 1186 557 vultus,
1213 460 1294 524 sient
1319 459 1337 524 ῐ
1389 471 1422 514 n

212 564 356 630 Homero
393 566 519 631 evcnit'
558 606 601 612 -—
636 567 700 631 fuit
737 567 864 651 quando
902 566 1161 651 quattuordecim
1199 566 1428 651 imaginaes

213 673 379 758 isagogioo
404 674 489 737 libro
513 674 697 756 complexas
721 696 758 737 ex
783 673 898 737 horum
921 694 1057 737 numero
1080 672 1182 737 fuisse
1202 673 1299 764 nobis
1320 672 1433 737 iat-n

214 785 354 844 mentem
379 782 515 862 veniret,
543 781 628 865 quod
652 786 761 845 tamen
785 781 882 844 aliter
904 801 938 843 se
962 779 1083 845 habere
1107 780 1158 844 vel
1186 784 1335 863 proptere
1374 803 1434 845 -a

215 891 350 965 constat,
375 888 460 971 quod
484 889 549 951 iarn
570 892 695 970 septem
714 908 807 970 reges
826 886 966 950 Romani
990 892 1023 949 et
1046 890 1172 970 septem
1196 887 1429 969 sapientffis

214 992 299 1056 haud
328 994 423 1057 dubie
452 1017 525 1057 eum
547 1015 717 1057 numerum
747 994 925 1076 explerent,
952 1014 1056 1076 neque
1079 991 1238 1075 Homero,
1265 1014 1425 1077 quet]

117 1106 122 1119 ¹
214 1098 343 1163 illarum
363 1122 478 1184 agmen
498 1100 625 1163 duxisse
644 1100 737 1163 nobis
757 1099 985 1182 persuasimus,
1009 1099 1099 1163 locus
1118 1098 1247 1162 futurus
1267 1105 1420 1165 esaei

213 1204 250 1268 ln
275 1228 313 1268 ea
337 1230 412 1271 uero
436 1208 597 1271 sententie
620 1205 713 1271 nobis
739 1206 1007 1289 perseverandum
1030 1206 1105 1288 erit,
1132 1211 1169 1269 ut
1192 1226 1295 1288 neque
1317 1204 1415 1271 ΓΙ)

214 1312 372 1394 omnibus,
395 1335 533 1396 quorum
557 1315 651 1378 lictae
675 1317 801 1377 tantum
825 1335 895 1376 esse
919 1316 1069 1396 poterant
1091 1312 1262 1397 imagines,
1285 1310 1415 1376 ebs·¹

213 1418 361 1502 tinuerit,
389 1420 422 1483 id
446 1421 531 1505 quod
554 1422 587 1484 in
615 1419 759 1484 Homero
782 1420 905 1484 factum
929 1442 999 1483 esse
1022 1423 1127 1503 patet,
1154 1418 1254 1483 etad
1277 1418 1404 1482 alima

214 1525 414 1608 recipiendos
439 1531 571 1610 propter
589 1527 698 1591 vultus
718 1548 829 1591 eorum
853 1531 998 1590 servatos
1017 1549 1052 1589 se
1076 1525 1148 1589 duci
1172 1524 1401 1608 possessi-1,

214 1632 385 1715 utrobique
419 1638 525 1697 autem
559 1656 624 1698 non
656 1638 775 1698 temere
809 1635 928 1718 egisse,
965 1633 1020 1697 sed
1053 1632 1086 1696 in
1120 1631 1201 1694 artis
1233 1651 1398 1714 quoque

215 1738 366 1819 operibus
399 1740 557 1824 eligendis
591 1739 702 1804 erit-ica
738 1739 894 1803 facultate
926 1738 1117 1803 excelluisse
1148 1737 1398 1802 existimetu.

215 1842 284 1919 Quo
312 1847 416 1930 magis
445 1847 575 1911 illorum
608 1823 767 1910 librorum
799 1847 957 1910 iacturam
986 1844 1193 1928 deploremus
1222 1844 1403 1926 opomei,

215 1950 269 2032 qui
299 1951 327 2014 si
354 1932 473 2035 integri
502 1958 662 2037 extarent,
690 1974 754 2017 non
782 1953 888 2016 solum
916 1954 1046 2017 litterae
1069 1950 1236 2015 Romanae
1264 1954 1409 2033 atque

215 2056 352 2121 historia
383 2060 514 2143 antiqua
543 2061 778 2144 amplissimum
810 2061 1043 2124 incrementum
1076 2057 1272 2140 acciperent,
1302 2051 1429 2119 sed

215 2163 295 2226 artis
320 2187 446 2248 quoque
471 2168 597 2250 veteris,
621 2173 653 2230 et
677 2167 778 2249 partis
803 2166 932 2251 quidem
956 2166 1056 2249 illius,
1079 2165 1113 2228 in
1137 2185 1202 2247 qua
1221 2162 1444 2226 maxime

215 2269 446 2354 claudicamus,
473 2270 695 2355 protomarnm
719 2274 790 2338 dico
814 2273 1046 2356 cognitionem,
1075 2268 1336 2352 exoptatissimo.
1360 2282 1457 2327 *m

214 2376 303 2439 nacti
327 2398 468 2441 essemus
492 2380 648 2443 columen.

214 2747 269 2811 lV.
311 2749 573 2815 EPIME'l'ltVM
607 2751 940 2817 DISPVTATIONIS
973 2750 1032 2814 DE
1063 2749 1106 2814 M.
1136 2746 1315 2814 VARRON
1360 2731 1459 2803 ἶ]

327 2857 641 2923 HEBDOMADVM
674 2858 772 2923 SIVE
802 2857 1032 2922 IMAGINVM
1060 2854 1249 2940 Llsrusq.

166 3039 204 3078 111
307 3013 452 3078 ‘Viribus
473 3016 583 3080 unitis’
607 3022 643 3080 ut
662 3018 702 3081 ad
722 3018 786 3082 alia
809 3019 904 3100 bona,
926 3018 974 3080 ito
995 3015 1035 3080 ad
1054 3037 1216 3080 summum
1239 3015 1396 3078 boruz·-
1451 3023 1462 3049 ¹¹

214 3122 298 3205 quod
328 3123 463 3186 veritate
496 3125 679 3188 continetur
710 3125 885 3207 perveniri,
919 3146 990 3187 cum
1024 3121 1174 3206 plurimis
1207 3121 1241 3185 in
1273 3120 1454 3184 oum-³¹

214 3228 396 3291 litterarum
421 3250 537 3313 genere
561 3231 763 3296 documentis
787 3231 1005 3314 intellegitur,
1027 3233 1097 3291 turn
1121 3226 1155 3289 in
1175 3248 1214 3290 ea
1237 3225 1459 3289 caus-⁴3&

213 3357 309 3417 quam
333 3356 390 3417 per
414 3339 723 3421 antepaenultimam
753 3336 795 3422 (si
819 3336 915 3400 modo
939 3335 1016 3399 licet
1040 3356 1112 3398 cum
1136 3331 1404 3417 grammatic:-
1421 3328 1454 3369 ³³

285 3533 311 3596 *l
340 3529 527 3599 [Prooemium
557 3531 657 3583 Indicis
685 3530 841 3584 scholarum
873 3527 1041 3581 aestivarum
1072 3524 1261 3579 Bonnensium
1294 3515 1444 3575 ”1¹²¹

214 3616 475 3680 croloscctvul,
499 3618 600 3671 ilerum
619 3619 647 3671 in
672 3617 814 3686 publicum
840 3615 970 3670 emissum
993 3615 1023 3667 in
1043 3613 1272 3667 ‘Prooemiorum
1290 3612 1374 3664 Bo
1385 3602 1440 3643 ω’

213 3707 338 3760 nensium
358 3705 477 3759 decade’
503 3706 635 3773 (Berolini
653 3724 677 3760 a.
698 3705 932 3773 ClOlthCCLXl)
951 3723 976 3757 n.
992 3702 1053 3769 Vll,
1074 3703 1123 3756 ubi
1138 3705 1166 3754 in
1186 3689 1437 3781 praefatioff‘

213 3796 283 3848 haee
302 3795 407 3862 scripta
424 3797 501 3846 sunt:
524 3794 692 3848 ‘Prooemiis
712 3795 749 3846 Vl
768 3798 797 3847 et
811 3793 861 3846 Vll
882 3794 927 3862 (de
948 3791 1079 3845 Varronis
1094 3790 1252 3860 Imaginnm
1274 3763 1434 3842 libsffi1

214 3884 371 3951 disceptata
385 3881 466 3935 valde
482 3882 590 3935 lubrica
604 3880 738 3949 quaestio,
758 3898 829 3948 quae
844 3885 888 3935 est
901 3881 935 3933 de
952 3880 1110 3947 Imuginum
1126 3878 1370 3932 Varronisnarss
1381 3866 1430 3949 {¹¹

125 3958 127 3963 ⁸
214 3973 366 4041 partitione
386 3974 470 4038 atquc
490 3971 688 4038 dispositione,
708 3974 844 4038 quantum
864 3986 936 4022 nunc
956 3969 1034 4023 novis
1054 3968 1150 4037 eisquc
1170 3951 1428 4020 subtilisuitl¹¹³

213 4059 449 4129 disputationibus
465 4057 620 4123 Mcrcklini,
641 4058 764 4126 Brunnii,
784 4057 917 4110 Vrlichsii
938 4057 1047 4123 debeat,
1067 4073 1123 4110 non
1142 4055 1201 4110 sine
1216 4036 1426 4125 voluptass‘

213 4148 376 4218 cognovisse
396 4145 570 4213 suspicamur
593 4144 641 4214 qui
665 4146 752 4199 musei
778 4146 864 4199 Rhen.
884 4148 904 4199 t.
925 4145 988 4197 Xlll
1007 4162 1033 4212 p.
1055 4150 1107 4198 460
1122 4162 1198 4213 sqq,
1225 4150 1277 4198 473
1291 4142 1424 4209 sqq*

213 4237 276 4290 xlv
295 4255 322 4305 p.
343 4242 394 4289 606
409 4253 468 4302 sqq.
488 4233 683 4301 Philologique
702 4236 722 4286 t.
742 4234 804 4287 Xlll
825 4252 852 4301 p.
873 4239 924 4287 742
940 4250 999 4300 sqq.
1019 4232 1199 4300 inspexerint.
1233 4233 1292 4287 Nos
1310 4215 1423 4285 [19Φ

213 4343 286 4378 nunc
310 4341 361 4378 nec
383 4323 503 4376 fortasse
527 4339 658 4390 umquam
682 4323 800 4390 inpone
817 4321 1020 4374 iterabimus
1038 4338 1173 4389 aequor:
1198 4321 1278 4375 cuius
1300 4302 1422 4373 τὶν

214 4412 353 4480 aperuisse
372 4413 489 4479 ecquid
507 4413 603 4465 babet
617 4411 781 4478 praemt?’
820 4410 848 4463 C.
870 4409 927 4480 W.]
