2888 5040
416 339 631 390 mansura
655 340 841 388 ansverus.
1137 321 1200 386 193

105 479 192 559 nando
211 484 283 545 ante
307 481 420 547 oculos
443 486 621 567 posuerunt
634 481 763 566 Lipsius
778 481 1015 546 Poliorccticon
1030 479 1077 544 l.I
1092 481 1201 565 capii,

105 577 283 668 luquudus
305 585 489 653 Enchiridii
514 588 664 673 antiquit.
688 586 880 652 Beckeriani
904 591 927 652 t.
951 585 1201 671 111‚2p.478.

103 682 346 776 bisantem,
378 715 446 760 non
474 693 514 759 de
537 695 645 778 priore
672 694 729 758 illo
752 693 916 759 tollenone
940 691 1092 756 Plautum
1115 693 1202 776 cogi·

102 795 161 859 tasse
177 798 229 865 luo
250 799 378 867 faciunt
400 805 438 867 ut
460 801 597 867 credam.
638 801 797 885 Primum,
821 799 906 885 quod
931 822 1004 865 cum
1026 799 1202 864 tollenonis

99 903 221 971 canons
238 908 400 972 sociatum
415 907 553 992 ‘pilum
572 906 770 992 graecum'
784 908 864 972 item
884 906 924 971 ad
942 929 1011 972 rem
1030 906 1202 972 militarem

97 1007 167 1090 atquc
192 1012 266 1079 adeo
298 1014 533 1080 obsidionalem
567 1018 701 1099 spectat
759 1013 835 1079 Non
867 1017 978 1098 potest
1012 1034 1089 1079 sane
1122 1012 1203 1077 illud

96 1105 188 1190 ‘Pilum’
206 1119 307 1184 telum
329 1119 480 1206 intellegi
504 1119 591 1205 quod
612 1121 739 1205 iacitur,
762 1120 858 1205 quale
882 1125 932 1185 est
955 1120 989 1184 in
1012 1117 1203 1184 Curculione

92 1234 112 1277 ¹·
129 1220 181 1288 689
209 1224 306 1292 ‘facio
335 1250 375 1294 ex
402 1231 435 1294 te
465 1227 563 1294 bodie
591 1228 696 1312 pilum
725 1228 989 1312 catapultarium,
1020 1225 1129 1311 Atque
1157 1227 1204 1291 its

88 1320 215 1399 boemo
242 1335 418 1419 torquebo,
450 1336 563 1402 itidem
591 1339 628 1402 ut
650 1335 836 1418 catapultae
860 1331 994 1418 solent'3
1029 1333 1127 1398 immo
1150 1355 1203 1397 ne·

9 1486 13 1529 ,
84 1443 155 1497 “⁸⁸²
174 1442 219 1504 est
239 1441 307 1507 tela
324 1442 498 1508 iacientem
517 1441 702 1509 machinam
721 1443 859 1528 cogitari
879 1441 1019 1506 similem
1037 1440 1203 1522 tollenoni,

9 1552 11 1559 '
80 1549 268 1630 quamquam,
297 1547 403 1632 qualis
431 1548 489 1615 illa
516 1549 617 1616 fuerit
645 1554 678 1614 et
706 1572 726 1614 a
748 1549 912 1614 tollenone
936 1569 1000 1632 quo
1023 1547 1119 1612 modo
1143 1546 1203 1611 dif-

75 1632 161 1730 Ῑθηῒ,
189 1655 342 1719 testatum
372 1676 439 1720 non
470 1653 637 1720 habemus.
685 1653 733 1718 Vt
764 1653 852 1718 enim
885 1656 918 1716 ct
946 1650 1143 1736 ‘catapulta'
1173 1657 1205 1717 et

73 1736 219 1841 ‘scorpio’
238 1760 307 1825 sive
326 1759 509 1845 ‘scorpius’
528 1765 561 1826 et
580 1758 745 1825 ‘ballista’
763 1780 830 1824 non
853 1761 981 1823 tantum
1005 1758 1204 1822 mittentium

68 1856 198 1935 ⁸²85th
219 1865 270 1930 vel
293 1888 373 1931 saxa
395 1869 633 1932 tormentorum
656 1866 790 1931 nomina
813 1868 902 1948 sunt,
930 1862 986 1928 sed
1014 1864 1204 1927 certissimis

65 1967 223 2050 ⁰¹0mplis,
245 1993 328 2054 quae
351 1977 482 2055 praeter
504 1972 608 2036 lexica
631 1970 732 2050 habes
753 1970 840 2054 apud
853 1968 1098 2053 Marquardtum
1117 1971 1204 2034 l.s.s.

62 2069 93 2131 Ρ·
110 2065 176 2136 466
197 2078 230 2139 et
251 2075 327 2159 467,
350 2075 449 2141 etiam
472 2076 648 2141 missorum
671 2077 712 2139 ab
736 2076 803 2140 illis
827 2075 1005 2139 iaculorum
1018 2072 1070 2160 ¹⁰):
1093 2076 1141 2142 ita
1164 2076 1203 2140 ad

61 2162 229 2264 uirumque
251 2201 354 2267 genus
378 2181 472 2266 ‘pili’
495 2205 622 2268 quoque
646 2182 898 2267 appellationem
921 2181 1115 2264 pertinuisse
1139 2205 1204 2248 cre·

58 2258 199 2376 {lendum
222 2292 281 2353 est
327 2286 539 2374 ‘graecum'
562 2288 666 2373 igitur
687 2288 819 2372 (licitur,
851 2309 891 2352 ne
914 2286 953 2350 da
976 2287 1045 2370 pilo
1068 2311 1203 2355 romano

56 2382 78 2428 ¹·
92 2395 121 2443 θ·
141 2388 275 2478 ἀκοντίῳ
298 2395 471 2480 cogitetur,
494 2394 590 2459 ducto
614 2394 700 2459 baud
724 2394 821 2460 dubie
845 2393 974 2459 nomine
998 2416 1018 2457 a
1042 2395 1204 2462 machina·

55 2487 132 2551 ’ΜΠ
150 2496 425 2566 Archimediarum
446 2501 641 2584 inventione,
664 2501 703 2565 de
726 2501 843 2586 quibus
857 2499 970 2563 Livius
989 2501 1072 2565 libro
1087 2500 1204 2566 XXIV.

54 2570 215 2670 Si¹11iliter
238 2607 390 2692 ‘graecus
414 2606 565 2673 trochus'
589 2606 727 2673 Horatio
752 2607 870 2671 dicitur
894 2605 999 2670 Oarm.
1024 2607 1204 2691 111,24,57‚

53 2690 93 2750 ul
118 2710 252 2796 Originis
275 2734 419 2799 graecae.
441 2749 478 2759 —-
504 2711 613 2795 Vides,
636 2712 716 2777 haec
741 2713 767 2776 si
792 2712 1007 2796 probabiliter
1030 2712 1204 2796 disputavi-

53 2805 150 2911 ulus,
179 2822 333 2902 quantum
367 2841 386 2883 a
418 2841 493 2883 vero
530 2819 724 2900 aberrarint,
757 2818 784 2882 si
815 2819 870 2902 qui
901 2821 957 2881 aut
982 2816 1115 2901 ‘pilum'
1140 2842 1203 2902 quo

52 2913 245 2988 Pmsebatur
274 2926 479 3009 interpretati
511 2930 587 2990 sunt
617 2930 653 2990 nt
684 2924 853 3001 Turnebus
882 2924 1055 2990 Adversar.
1078 2925 1097 2989 l.
1122 2949 1147 2990 s.
1170 2949 1204 3010 s.,

103 3034 269 3058 N-

69 3158 77 3169 ·
133 3101 177 3165 10)
195 3097 370 3168 Quamquam
390 3117 444 3154 non
463 3100 600 3167 omuibus,
620 3100 720 3169 quibus
739 3100 784 3154 vel
803 3100 911 3154 Nonius
929 3119 955 3169 p.
976 3105 1027 3153 5t2
1047 3100 1092 3153 vel
1111 3118 1203 3154 recen·

53 3154 149 3259 t'Pras
173 3187 299 3255 utuntur,
327 3188 463 3258 exemplis
488 3192 538 3243 aut
562 3189 697 3258 probatur
721 3189 771 3241 aut
796 3190 840 3242 sat
865 3191 940 3242 certo
966 3189 1101 3257 probatur
1126 3189 1201 3257 quod

85 3265 169 3326 01lius
185 3274 263 3331 dicit:
293 3275 509 3345 ‘catapulta,
528 3275 650 3330 iaculum
670 3277 744 3330 celer
762 3275 807 3330 vel
827 3275 957 3345 sagitta'.
994 3275 1081 3329 Velut
1098 3277 1203 3331 machi-

57 3349 129 3406 ¹¹‘¹¹¹1
155 3359 239 3430 ipsam
263 3367 390 3434 spectare
416 3365 486 3419 baec
511 3368 639 3434 possunt:
667 3365 768 3419 Persae
787 3384 812 3419 u.
833 3370 867 3418 28
895 3364 1019 3419 ‘ulmeae
1043 3366 1204 3433 catapultae

58 3423 146 3532 tuom
169 3468 200 3506 ue
221 3454 389 3524 transfigant
410 3454 513 3522 latus',
546 3453 719 3508 Curculionis
739 3460 790 3508 394
821 3453 985 3523 ‘catapulta
1010 3453 1064 3507 hoc
1090 3455 1205 3508 ictumst

62 3524 161 3604 ΜΡ,
184 3540 314 3597 Venonis
337 3543 413 3613 apud
432 3543 554 3598 Nonium
576 3543 655 3597 ‘cum
679 3543 739 3613 ipse
764 3542 908 3611 catapulta
925 3541 997 3596 ictus
1018 3543 1120 3607 esset';
1148 3559 1203 3596 non

65 3615 181 3698 &unt
196 3632 287 3685 autem
306 3649 362 3686 non
381 3635 507 3701 spectare
527 3630 701 3686 Curculiouis
719 3650 745 3685 v.
765 3636 816 3685 689
832 3649 871 3699 sq.
896 3631 983 3684 verba
1001 3646 1085 3697 supra
1103 3631 1203 3698 posita,

69 3694 326 3787 ¹¹²1ncspfiv0rum
346 3726 398 3776 796
419 3722 500 3775 ‘nam
519 3739 597 3776 meus
617 3723 660 3776 est
677 3721 792 3775 ballista
808 3737 930 3789 pugnus,
950 3718 1059 3771 cubitus
1078 3720 1203 3788 catapul-

74 3780 130 3846 Μ
146 3803 213 3875 uini,
231 3826 343 3865 umerus
364 3811 458 3866 arics’.
496 3811 600 3865 Contra
618 3812 695 3865 certa
714 3812 778 3863 sunt
796 3808 873 3862 Curc.
890 3813 941 3861 398
963 3806 1038 3860 ‘nam
1057 3806 1139 3861 illaec
1158 3824 1202 3862 ca-

77 3868 187 3981 lftullu
207 3897 241 3951 ad
263 3916 309 3953 me
333 3899 430 3954 crebro
454 3899 641 3965 commeant’3
669 3897 738 3951 item
757 3899 789 3951 ut
807 3897 918 3951 videtur
936 3895 1034 3948 Titinii
1053 3914 1077 3949 v.
1100 3901 1149 3950 125
1170 3896 1202 3951 R.

88 3979 206 4056 ,limiam
229 3988 376 4058 catapulta
400 3989 520 4043 auolat'.
559 3988 596 4041 Et
622 3987 656 4041 de
683 3985 831 4041 ballista
850 3984 966 4038 l'oenuli
985 3985 1005 4051 I,
1026 3991 1050 4052 1,
1070 3990 1103 4038 73
1125 3984 1202 4053 ‘quoi

87 4061 135 4111 ¹⁸⁰¹
150 4066 266 4129 infortuni
284 4077 396 4130 intenta
413 4076 556 4131 ballistast
574 4076 669 4145 probe,
689 4091 773 4143 quam
793 4092 845 4143 ogo
864 4073 939 4127 hand
957 4072 1046 4127 multo
1061 4075 1125 4142 post
1138 4072 1201 4127 mit·

93 4138 139 4201 “a
153 4171 165 4208 s
178 4159 353 4231 barrasson
386 4164 488 4218 sucas
511 4165 587 4235 apuu
605 4164 728 4220 uoniam
751 4182 778 4233 p.
798 4169 858 4231 ass,
878 4167 912 4216 aa
933 4161 1077 4216 ‘nauseas
1095 4162 1202 4215 iurans

97 4237 256 4319 ”volema
287 4253 358 4308 item
381 4253 416 4307 dc
440 4255 619 4324 scorpione
641 4252 774 4307 Sisennae
797 4251 872 4321 apud
896 4251 1017 4305 Nonium
1040 4270 1067 4321 p.
1088 4256 1148 4318 553,
1167 4257 1200 4305 25

101 4311 198 4417 t'‘J‘llbs
214 4341 357 4410 catapulta
375 4342 510 4397 concitos’
532 4345 598 4410 (non
617 4342 685 4396 item
705 4340 832 4394 Sallustii
851 4357 922 4408 quae
942 4341 1131 4409 praecedunt),
1151 4357 1202 4395 nec

172 4422 228 4482 belli
244 4429 371 4484 Africani
390 4448 412 4485 c.
433 4436 466 4484 29
489 4431 644 4501 ‘scorpione
663 4428 822 4485 accuratius
840 4429 947 4484 misso'.

139 4519 316 4573 ’turcensis
335 4537 470 4573 orvscvna
488 4539 529 4573 111.
938 4523 970 4571 13
