2888 5040
126 123 253 171 nausa
271 108 416 171 vaaac's
435 123 613 170 rusuruvu
633 124 710 172 srva
729 123 979 172 nannonsuvu
1002 123 1107 170 urnas
1144 106 1209 170 509

10 267 202 332 facturn:
225 289 301 331 nam
325 289 411 349 cum,
435 272 471 331 ut
494 271 563 331 tum
587 290 638 332 res
663 272 745 351 erat,
769 267 969 351 Imaginibus
989 265 1207 349 Hieronymus

10 395 113 437 uon
155 377 266 455 posset
287 395 353 438 non
378 373 463 438 credi
488 397 585 439 unum
609 378 642 437 et
670 375 906 458 quinquaginta
933 373 1035 436 libros
1058 372 1209 455 tribuere,

10 478 276 546 ’allacissimo
290 480 502 545 fundamento
518 481 623 545 omnis
635 479 888 564 superstruenda
901 479 1079 562 disputatio
1094 478 1210 544 fuerat.

10 581 121 649 'soli
155 587 236 651 enim
256 587 374 651 calami
392 588 493 652 errori
507 585 651 651 Thomas
666 586 838 670 phillipps,
856 587 906 650 cui
928 582 1078 671 Catalogi
1097 585 1209 649 Hiero·

10 693 210 771 rymiani
244 694 426 778 exemplum
465 697 634 777 acceptum
665 692 878 776 referebatur,
914 693 1006 756 illum
1039 714 1209 756 numerum

10 793 177 863 leberi
199 799 308 883 paullo
336 805 411 884 post
437 800 637 864 intellectum
662 802 725 881 est,
753 821 826 862 cum
849 798 989 883 Augusti
1013 797 1208 863 Schleicheri

10 906 171 969 nostri
193 906 348 972 beneficio
372 906 587 990 investigatus
607 906 640 969 in
664 902 863 969 bibliotheca
883 905 1089 969 Atrebatensi
1108 906 1208 970 codex

10 1001 216 1096 Origenis
237 1035 304 1078 non
326 1011 383 1096 LI,
405 1013 462 1078 sed
485 1011 546 1076 XV
570 1012 671 1077 libros
696 1011 920 1076 Varronianus
945 1012 1153 1076 monstrarit:
1176 1013 1209 1076 id

10 1115 157 1190 quod
176 1139 239 1182 non
263 1139 374 1182 sumus
398 1117 540 1183 cunctati
563 1116 693 1200 publice
712 1139 845 1181 narrare
869 1119 902 1182 in
924 1120 1092 1202 prooemio
1116 1119 1208 1184 scho-

14 1208 172 1288 l‘arum
184 1246 241 1309 per
256 1223 397 1289 hiemem
412 1223 536 1305 a.1849
551 1224 585 1287 in
599 1223 660 1289 hac
675 1225 887 1289 universitate
901 1223 1086 1290 habitarum
1094 1227 1208 1308 [supra

23 1325 190 1410 1)-5011.
205 1327 319 1394 Fidem
329 1327 527 1394 Schleicheri
540 1352 606 1394 nou
621 1335 770 1416 egentem
783 1330 989 1411 firmamento
1005 1332 1208 1397 confirmavit

39 1438 219 1514 mlperum
250 1435 476 1500 testimonium
503 1435 528 1500 I.
555 1436 593 1500 B.
620 1433 745 1520 Pitrae,
778 1437 898 1502 ordinis
932 1437 962 1504 S.
991 1439 1159 1503 Benedicti
1191 1460 1207 1501 e

56 1544 314 1628 sangregauone
338 1541 465 1608 Gallica
489 1542 652 1607 monachi:
681 1544 736 1627 qui
760 1566 894 1627 prorsus
918 1545 1052 1628 ignarus
1075 1548 1207 1609 nostrae

10 1684 12 1691 ·
68 1632 240 1714 adussisse
270 1648 465 1733 Hieronymi
500 1649 622 1714 indices
660 1672 698 1714 ex
734 1651 943 1715 Atrebatensi
980 1651 1064 1715 libro
1102 1651 1206 1716 denuo

78 1745 213 1837 vulgavit
240 1756 274 1820 in
303 1753 470 1841 Spicilegii
499 1755 713 1822 Solesmensis
741 1762 831 1822 tomo
859 1756 907 1821 Ill
935 1757 1083 1840 proximo
1122 1778 1207 1821 anno

82 1847 197 1926 lariani
218 1861 363 1946 prodito,
387 1884 459 1946 ap.
483 1862 562 1946 311,
586 1863 683 1928 simul
707 1864 915 1928 adnotatione
938 1863 1079 1947 adiecta,
1102 1885 1119 1928 e
1143 1885 1208 1948 qua

80 1976 136 2026 1¹0⁸
160 1968 282 2053 quidem
309 1969 345 2033 in
374 1967 551 2034 Germania
577 1968 660 2033 nihil
692 1970 868 2044 discamusx
881 1970 945 2034 nisi
978 1992 1073 2053 quam
1103 1969 1208 2035 multa

84 2087 139 2137 nou
161 2074 326 2141 didicerint
354 2076 409 2160 qui
437 2075 566 2140 easdem
589 2076 758 2141 nobiscum
785 2077 913 2140 litteras
942 2080 1033 2142 trans
1057 2076 1207 2141 Rhenum

82 2178 214 2249 tractant

155 2285 199 2353 De
217 2289 328 2354 ordine
347 2291 456 2354 autem
475 2289 633 2354 librorum
653 2288 810 2353 Varronis
836 2295 873 2355 ut
894 2290 1004 2354 ordine
1023 2295 1207 2375 quaeratur,

75 2391 265 2461 aPliniauis
292 2396 402 2461 verbis
435 2397 582 2481 quamvis
615 2396 796 2461 decantatis
825 2395 1013 2461 ordiendum
1042 2400 1091 2460 est
1124 2419 1206 2481 quae

74 2501 200 2566 suntin
222 2501 368 2568 Naturae
391 2503 602 2568 historiarum
631 2501 687 2566 lib.
714 2501 835 2565 XXXV
860 2504 880 2581 ξ
903 2502 940 2565 11
966 2499 1206 2586 (paragraphos

65 2605 253 2692 Silligianas
282 2607 475 2694 sequimur):
507 2631 573 2673 non
602 2608 710 2692 qualia
738 2610 854 2694 vulgus
887 2608 1045 2673 librorum
1076 2608 1207 2672 exhibet

61 2715 106 2779 ab
142 2714 371 2799 interpolatore
399 2716 551 2781 nimirum
581 2715 737 2780 adornata
769 2714 1008 2780 incredibilium
1040 2715 1138 2799 longo
1167 2736 1205 2778 ex

57 2824 212 2904 ternpore
234 2823 403 2888 turbarum
422 2844 629 2907 errorumque
653 2826 801 2906 parente,
824 2823 880 2887 sed
904 2821 1013 2907 qualia
1034 2821 1121 2885 solus
1144 2820 1206 2884 fide

55 2929 183 3013 dignus
204 2927 453 3014 Bambergensis
476 2929 677 2994 aLudovico
697 2930 777 2994 lano
801 2935 982 3013 excerptus:
1007 2927 1205 3012 ‘imaginum

52 3057 205 3101 amorem
228 3038 384 3122 flagrasse
408 3037 570 3119 quondam
595 3039 697 3100 testes
720 3042 797 3100 sunt
815 3036 943 3101 Atticus
966 3037 1021 3100 ille
1041 3033 1206 3100 Ciceronis

50 3143 146 3207 edito
177 3141 215 3207 de
246 3144 286 3208 iis
315 3143 493 3226 volumine,
526 3142 569 3206 M.
596 3142 702 3207 Varro
735 3142 970 3227 benignissimo
999 3143 1131 3207 invento
1160 3142 1206 3206 in-

51 3249 159 3314 sertis
206 3249 406 3314 voluminum
454 3272 585 3315 suorum
630 3248 878 3313 fecunditatium
929 3247 1206 3334 septingentorum

51 3354 238 3420 illustrium
265 3355 375 3440 aliquo
403 3356 499 3421 modo
528 3357 740 3440 imaginibus,
772 3377 838 3420 non
869 3378 983 3439 passus
1016 3356 1206 3421 intercidere

49 3464 184 3548 figuras
206 3465 262 3527 aut
284 3465 480 3528 vetustatem
505 3463 576 3527 aevi
600 3468 713 3527 contra
736 3462 885 3526 homines
908 3463 1027 3525 valere:
1056 3462 1249 3526 inventorrv

50 3568 205 3634 muneris
237 3570 337 3633 etiam
374 3567 423 3632 dis
455 3568 620 3652 invidiosi,
657 3568 785 3653 quando
823 3569 1104 3633 immortalitatem
1141 3590 1205 3632 non

50 3676 167 3742 solum
194 3675 297 3758 dedit,
324 3696 435 3739 verum
464 3675 561 3740 etiam
591 3676 626 3739 iu
654 3677 759 3739 omnis
787 3680 892 3740 terras
920 3675 1024 3756 misit,
1051 3678 1088 3739 ut
1115 3696 1205 3758 prae-

49 3787 167 3850 sentes
190 3803 260 3846 esse
283 3781 403 3865 ubique
427 3781 513 3845 cludi
537 3781 691 3864 possent?
732 3782 770 3845 In
795 3782 911 3865 quibus
936 3780 1041 3845 verbis
1065 3781 1205 3865 primum

49 3889 145 3958 haud
174 3888 242 3953 scio
271 3911 314 3953 an
332 3892 418 3971 'post
443 3890 597 3954 colcariae
623 3911 689 3953 non
716 3894 744 3952 et
771 3889 880 3971 potius
909 3887 1088 3952 addendum
1116 3886 1160 3950 sit
1188 3909 1205 3949 e

47 3999 149 4064 libris
170 3994 388 4059 deterioribus
408 4017 503 4079 quam
517 3995 565 4060 M.
584 4000 705 4059 autem
726 3995 825 4059 Varro
844 3993 1057 4058 scribendum:
1077 3993 1205 4077 quaudo

46 4108 139 4172 libro
174 4100 337 4185 singulari
371 4101 572 4186 simplicique
605 4100 803 4165 enarrationi
836 4100 937 4164 Attici
971 4105 1004 4164 et
1030 4098 1205 4164 multitudo

43 4209 259 4279 voluminum
286 4205 563 4272 Varronianorum
592 4213 625 4272 et
655 4206 819 4290 singulare
849 4207 1021 4271 artificium
1054 4208 1201 4289 quaesito
