2924 5046
382 344 622 402 ovaasvronus
647 344 982 392 ononnvonuorean.
1187 329 1251 392 347

97 484 165 549 hoe
199 505 316 568 genere
344 485 446 549 abusu
475 489 606 568 postera
634 485 822 551 Latinorum
852 488 1048 550 consuetudo
1076 488 1110 549 in
1137 507 1253 569 graeco

97 589 283 668 Ἀγροὶτιο(
311 591 442 654 nomine
473 588 624 676 (quocum
648 590 812 670 Ἀγροὶτα(
842 592 1082 677 conferendum)
1107 593 1255 676 probavit

96 696 263 778 emtas
295 696 505 779 scripturam,
537 702 620 761 teste
654 697 725 781 ipso
759 698 916 782 Agroetio
951 699 1036 780 apud
1064 699 1254 763 Putschium

95 823 123 882 p.
156 803 266 868 2265:
296 803 347 867 vel
376 803 513 887 denique
542 804 626 887 quod
656 828 675 868 a
702 805 841 887 pristina
869 826 902 869 oe
925 806 975 869 vel
1000 809 1029 870 oi
1052 800 1254 889 diphthong'o

93 906 135 969 ad
169 930 196 972 a
217 910 359 974 vocalem
377 910 451 993 ipsa
470 910 618 974 latinitas
639 910 804 976 descendit
823 912 856 973 in
876 912 978 975 locdus
995 933 1112 976 lacerus
1130 932 1256 976 lacoras

92 1031 198 1078 caera
216 1017 326 1099 poetria
350 1037 443 1081 omres
466 1021 498 1079 et
520 1016 689 1080 similibus.
727 1017 857 1081 Etenim
877 1017 959 1100 quod
980 1017 1041 1081 huc
1061 1019 1164 1082 solum
1184 1040 1254 1100 per·

89 1117 192 1185 tinet
213 1128 245 1187 et
262 1128 418 1204 tanquam
438 1121 477 1186 ad
498 1123 652 1186 amussim
672 1122 808 1206 quadrat
823 1128 952 1205 praeter
967 1129 1081 1207 cetera,
1101 1124 1179 1187 illud
1198 1127 1256 1206 est,

91 1228 198 1304 quod
219 1229 326 1293 dedita
350 1251 449 1312 opera
471 1233 504 1291 et
527 1232 632 1292 certae
652 1228 817 1293 doctrinae
836 1229 907 1313 lege
927 1229 1045 1292 scimus
1065 1253 1083 1292 u
1103 1230 1256 1313 vocalem,

83 1349 170 1410 quo
198 1337 364 1419 propriam
388 1336 531 1417 ipsorum
551 1334 749 1400 Graecorum
772 1336 1070 1419 pronuntiationem
1091 1337 1254 1400 imitaren-
1298 1418 1301 1423 .

84 1438 170 1518 tur,
196 1441 315 1506 latinos
338 1441 513 1524 magistros
536 1463 603 1505 non
625 1462 648 1505 a
671 1441 720 1504 vel
746 1440 898 1522 c'littera²
922 1441 976 1504 sed
1000 1462 1032 1504 oc
1051 1442 1255 1524 diphthongo

81 1545 420 1625 exprimi·iussisse:
452 1546 514 1610 hoc
542 1550 592 1610 est
619 1569 691 1611 eam
719 1548 877 1630 vocalem,
907 1547 997 1611 cuius
1024 1548 1256 1611 iucunditatem

82 1641 348 1718 Quinctilianus
378 1649 456 1734 XII,
489 1652 542 1734 10,
573 1653 613 1716 27
650 1653 794 1735 negabat
828 1654 894 1716 ulla
929 1654 1040 1716 littera
1071 1655 1173 1717 latina
1207 1676 1256 1717 ex·
1292 1686 1299 1700 ·

82 1760 253 1839 aequari.
298 1758 405 1822 Testis
430 1758 498 1821 cius
522 1757 688 1823 doctrinae
711 1758 873 1822 Maximus
897 1759 1083 1824 Victorinus
1108 1784 1136 1842 p.
1159 1760 1257 1823 1045:

82 1849 256 1929 ‘litterae
288 1864 477 1948 peregrinae
505 1869 581 1928 sunt
607 1885 625 1929 a
652 1869 685 1928 et
710 1887 744 1948 y,
775 1888 856 1948 quae
886 1868 1101 1949 [peregrinae]
1127 1869 1258 1949 propter

84 1979 228 2040 graeca
256 1970 414 2055 quaedam
438 1979 621 2052 assumptae
645 1975 722 2034 sunt
745 1975 781 2034 ut
804 1972 908 2055 leos
930 1973 1094 2056 aqilrprus:
1124 1994 1205 2055 (piae
1229 1971 1258 2036 si

83 2082 177 2137 1lon
204 2080 326 2160 essent,
353 2077 472 2141 Hoclas
501 2082 534 2140 et
555 2077 735 2160 svlqilvocrus
758 2077 966 2141 ‹liceremus':
1000 2079 1055 2142 ubi
1078 2078 1258 2158 sdeplvocras

89 2188 174 2250 pro
188 2168 233 2248 'eo
258 2184 344 2267 quod
368 2182 522 2266 vulgatur
542 2183 689 2265 (malacus
707 2184 810 2248 multo
830 2185 1043 2248 confidentius
1063 2186 1256 2267 amplecten-

92 2273 193 2349 dum
215 2312 312 2374 quam
337 2312 357 2353 a
380 2288 474 2354 Oonr.
498 2288 594 2373 Leop.
620 2288 814 2353 Schnciclcro
838 2310 974 2374 gramm.
992 2289 1017 2373 Ι,
1040 2294 1052 2353 l
1080 2313 1110 2374 p.
1130 2290 1193 2353 377
1211 2312 1257 2373 sq.

88 2378 235 2459 factum
273 2401 332 2460 est.
387 2395 432 2459 nt
467 2397 502 2460 in
536 2396 615 2478 ipsis
648 2396 775 2478 quidem
807 2397 912 2480 Hylas
943 2396 1091 2477 aeplvprus
1124 2396 1257 2460 vocibus

88 2503 225 2580 reapse
255 2504 411 2567 usitatam
439 2503 529 2566 illam
560 2525 618 2586 per
640 2523 673 2566 oc
696 2503 889 2584 scripturam
912 2525 1055 2586 unquam
1078 2503 1177 2565 fuisse
1202 2506 1259 2566 aut

88 2605 194 2669 puto
221 2631 285 2673 non
317 2610 422 2673 voluit
450 2608 556 2674 dicere
587 2609 818 2694 grammaticus
848 2614 905 2671 aut
933 2617 1017 2672 certe
1041 2630 1107 2671 non
1132 2608 1258 2671 debuit:

88 2710 200 2777 quod
230 2717 343 2778 contra
373 2714 414 2777 ad
447 2715 579 2798 longam
612 2738 631 2778 υ
664 2714 808 2778 vocalem
841 2735 952 2777 revera
984 2714 1257 2778 accommodatam

88 2817 187 2875 ‘³⁸⁸0
212 2821 339 2902 paucis,
368 2818 425 2882 sed
452 2819 499 2883 eis
527 2842 593 2883 non
617 2818 723 2882 dubiis
748 2819 901 2902 exemplis
926 2818 1125 2882 credendum.
1172 2818 1257 2883 Nam

86 2914 252 2989 Primum
275 2926 329 2989 vix
355 2924 489 2989 dubium
512 2924 620 3004 ipsum
640 2924 720 2988 illud
740 2923 1046 2989 Antamoenides
1065 2925 1257 2990 habendum.

91 3007 187 3087 QUO
214 3033 313 3096 etiam
342 3030 474 3114 gravius
503 3033 634 3113 praesto
662 3035 713 3093 est
740 3052 805 3093 non
829 3031 863 3093 in
888 3030 1018 3095 scholae
1042 3033 1156 3095 umbra
1179 3032 1257 3096 dcli·

85 3112 252 3220 test-en„
284 3138 340 3201 scd
368 3137 500 3221 publico
529 3137 755 3220 communique
783 3160 840 3201 usu
872 3138 1008 3201 inlustre
1032 3137 1179 3202 Moesia
1202 3161 1257 3202 no-

85 3232 194 3319 men,
219 3266 282 3327 quo
306 3247 436 3308 constat
453 3245 513 3322 τὴν
532 3245 568 3307 ἐν
587 3250 624 3326 τῇ
645 3244 778 3324 Εὐρώπῃ
800 3245 945 3308 Μυείαν
963 3244 1098 3310 dictam:
1122 3266 1256 3328 quorum

85 3337 281 3434 {mulinum
304 3355 450 3413 mutuam
471 3351 630 3413 rationem
650 3349 741 3412 illam
761 3372 819 3412 siva
839 3353 954 3432 sponte
973 3351 1174 3436 intellegitur
1192 3373 1258 3414 non

90 3438 250 3538 ¹¹¹fringi
274 3477 312 3519 eo
335 3455 420 3538 quod
444 3459 477 3519 et
499 3456 608 3538 Mysia
632 3455 717 3518 haud
741 3476 815 3518 raro
840 3478 859 3518 a
883 3456 994 3518 latinis
1018 3457 1067 3519 vel
1093 3458 1257 3539 scriptori·

89 3527 168 3609 bug
203 3561 254 3624 vel
285 3561 428 3624 librariis
458 3561 627 3644 provincia
649 3560 822 3642 Europaeo
850 3561 936 3624 diota
963 3565 1012 3623 est
1041 3567 1073 3624 et
1097 3563 1135 3625 ml
1163 3563 1258 3626 Asiae

94 3654 282 3730 re&ionem
295 3666 419 3732 Moesia
441 3667 602 3750 scriptura
621 3667 737 3730 saltem
757 3688 776 3728 a
795 3666 937 3730 librariis
958 3667 1118 3730 translata
1137 3666 1258 3729 talibus

100 3761 272 3853 e¹t³1nplis
306 3773 416 3855 qualia
437 3772 632 3836 Munclrcrus
666 3774 830 3857 congessit
863 3774 895 3836 in
920 3773 1043 3856 Hygini
1075 3773 1137 3835 lab.
1161 3774 1203 3835 cc
1228 3777 1260 3836 et

100 3842 262 3940 Dukerus
291 3879 324 3941 in
347 3877 436 3942 Flori
459 3877 515 3959 IV,
542 3880 595 3960 12,
622 3880 675 3943 13:
703 3880 819 3962 quibus
844 3879 1031 3943 Perizonius
1054 3878 1126 3941 addi
1151 3883 1260 3960 potest

107 3953 285 4069 lnimadv.
317 3982 394 4046 hist.
426 4006 456 4067 p.
480 3983 545 4047 447
576 3983 622 4047 cd.
646 3983 736 4047 Harl.
784 3985 872 4058 Quae
905 4007 977 4047 cum
1007 3984 1054 4046 ita
1083 3985 1159 4066 sint,
1193 3984 1258 4046 iam

108 4055 228 4149 lletbit
249 4111 267 4151 a
290 4088 463 4152 mendosae
488 4090 667 4170 scripturae
687 4090 868 4171 suspitione
887 4089 1095 4153 Gronoviana
1114 4084 1259 4170 (Observ.

113 4162 166 4255 W>
197 4189 239 4255 la
260 4218 288 4278 p.
314 4196 374 4259 701
398 4217 444 4278 sq.
468 4193 587 4280 Platn.)
612 4197 744 4258 tertium
768 4195 949 4278 exemplum
974 4195 1151 4278 vindicare,
1175 4197 1260 4278 quod

121 4284 166 4342 ⁹⁸2
190 4289 316 4364 Siculae
339 4301 429 4365 urbis
453 4323 571 4365 nomen
596 4302 733 4381 Μυλαί,
765 4301 921 4381 producta
945 4302 1047 4363 vocali
1073 4303 1176 4365 versui
1202 4302 1259 4366 im·

131 4384 256 4468 missum
288 4429 307 4471 a
334 4405 416 4472 sino
438 4407 528 4491 mv,
556 4411 620 4473 eoa
649 4407 865 4493 (suasurum
898 4407 1030 4471 nauum
1062 4408 1260 4493 fugientibus
