2888 5040
491 354 706 405 ansanum
729 354 916 403 rnnvrmn.
1214 337 1275 402 181

107 497 250 569 procul
266 496 421 564 habeatur
439 521 499 564 uec
518 498 600 564 nlius
616 496 803 563 ‘Addictus'
818 498 981 582 cogitetur
999 496 1063 560 nisi
1082 495 1276 561 venditionis

105 591 199 680 lege
235 604 365 690 emptori
389 606 550 689 addictus,
578 605 769 689 praesertim
797 626 870 669 curn
894 603 1093 668 ‘uenditum'
1118 603 1179 668 diei
1204 602 1277 686 ipsa

101 697 399 778 incimmvetet:
433 713 501 777 sive
528 713 584 778 ille
613 733 727 777 servus
758 711 823 775 fuit
854 711 888 775 in
921 711 1005 775 alius
1035 708 1157 775 domini
1186 714 1275 795 pote·

98 808 253 882 statem
273 819 448 904 transiens,
472 819 554 904 sive,
577 818 664 904 quod
686 818 791 904 magis
814 817 936 902 placet,
959 818 1057 884 homo
1081 818 1165 883 liber
1187 818 1276 882 velut

93 931 114 972 ὃ
147 919 287 1000 piratis
309 929 426 1011 captus
450 931 483 993 et
506 949 624 991 venum
648 924 743 990 datus
766 925 801 989 in
825 925 1003 1008 servitium,
1026 927 1217 1009 argumento
1241 924 1274 989 in

88 1035 217 1092 ”Ova
246 1033 408 1098 comoedia
435 1056 501 1099 non
528 1032 735 1117 infrequenti.
781 1029 895 1116 Neque
918 1031 1003 1095 enim
1028 1030 1093 1095 alia
1114 1031 1200 1096 ratio
1225 1035 1275 1095 est

84 1118 272 1203 Plautini
297 1161 410 1205 versus
438 1137 536 1204 Mare.
560 1138 625 1203 616
655 1136 760 1222 ‘quoii
788 1140 838 1200 eat
870 1137 1002 1220 empta?
1017 1161 1025 1202 ε
1040 1160 1047 1201 :
1062 1135 1170 1201 neseio
1185 1159 1193 1200 :
1207 1136 1274 1201 iam

78 1229 259 1310 addicta
279 1250 376 1331 atque
399 1245 541 1311 abducta
563 1242 661 1327 erat',
683 1243 763 1307 item
786 1240 926 1308 Noniani
952 1243 1015 1308 115
1028 1243 1125 1309 Ribb.
1149 1242 1274 1327 ‘quanti

74 1335 312 1418 addietust?
328 1376 336 1418 :
350 1376 358 1418 :
373 1350 462 1416 mille
485 1348 680 1433 nummum',
715 1348 917 1433 aliorumque
947 1350 1168 1434 exemplorum
1192 1372 1274 1434 quae

66 1434 394 1615 ἶἰῙὶὶιιῐΝοίςῇιιε
417 1457 580 1543 congessit
602 1455 657 1521 ‘de
680 1455 749 1520 iure
772 1456 916 1521 naturali
930 1455 1036 1521 Rom?
1050 1455 1145 1541 Ill‚l
1167 1480 1198 1541 p.
1211 1459 1272 1523 191

133 1575 194 1625 n.
228 1565 299 1632 245.

221 1777 347 1845 Servius
379 1778 416 1843 in
438 1776 564 1864 Vergili
598 1775 716 1863 Georg.
739 1776 768 1861 Ι,
794 1776 869 1841 124:
904 1775 1092 1843 ‘ueternot
1124 1779 1272 1863 pigritia,

55 1871 212 1948 ⁰50:
251 1887 326 1971 quia
357 1887 548 1971 plerumque
581 1885 704 1950 otiosos
737 1884 821 1949 solet
852 1882 906 1948 hic
939 1883 1071 1948 morbus
1104 1884 1272 1952 incessere.

56 1967 265 2056 Planus
286 1993 322 2056 sn
345 1992 499 2056 Anares:

241 2132 341 2217 Opus
364 2133 493 2198 ficere
515 2131 634 2198 nimio
659 2133 770 2217 quam
794 2133 963 2198 dormire
986 2134 1154 2202 mduolo:
1291 2149 1308 2196 3

240 2238 446 2306 veternum
469 2242 607 2305 metuo.

57 2370 281 2483 “edemus
304 2387 415 2448 autem
438 2383 558 2449 dicitur
579 2370 713 2448 morbus
736 2383 880 2448 intercus
902 2382 923 2448 i.
944 2406 969 2447 e.
992 2384 1116 2472 ὕδρῳψ,
1138 2385 1193 2470 qui
1216 2385 1273 2452 ho·

55 2476 235 2587 mfnes
255 2489 356 2554 efficit
378 2488 517 2574 pigros'.
532 2528 573 2534 -
590 2488 792 2554 ‘ueternum’
807 2489 907 2555 habes
931 2489 1030 2553 etiam
1049 2490 1081 2552 in
1102 2490 1272 2556 Menaech-

55 2581 181 2647 ΗΠΒ
220 2617 244 2660 v.
265 2598 344 2662 891:
368 2595 462 2660 ‘num
487 2617 559 2660 eum
583 2598 733 2660 ueternus
757 2600 814 2660 aut
837 2619 921 2681 aqua
944 2597 1085 2660 intercus
1108 2598 1236 2662 tenet‘l’

512 2917 570 2982 ΠΙ.
616 2915 889 2983 AGROEOVS.

58 3124 74 3147 t
221 3056 385 3139 Ἀγροικον
409 3081 426 3125 e
450 3082 553 3125 novae
577 3060 762 3126 comoediae
786 3060 892 3143 poetis
913 3059 1064 3124 Philemo
1089 3061 1272 3145 scripserat,

79 3130 377 3252 Ὑποβολιμαῑον
406 3170 424 3247 ἢ
454 3167 624 3247 Ἀγροικον
652 3166 837 3231 Menander.
883 3166 1041 3231 Graecam
1071 3173 1180 3233 autem
1203 3170 1270 3252 pal-

64 3230 231 3366 patae
250 3272 502 3358 appellationem
526 3272 763 3357 ‘Agroecus',
793 3274 844 3337 vel
868 3273 966 3338 etiam
990 3274 1108 3338 rectius
1132 3279 1168 3339 ut
1192 3281 1270 3360 puto

96 3351 358 3462 Agraecos’,
378 3402 398 3443 a
417 3377 588 3443 Plautinae
614 3380 743 3464 quidem
770 3380 849 3443 artis
876 3382 1106 3445 consuetudine
1131 3381 1270 3447 alienam

78 3450 232 3568 fuisse
247 3485 369 3550 ostendi
388 3485 554 3570 Parergon
573 3510 602 3571 p.
621 3488 780 3572 142sqq.:
804 3487 860 3551 ille
880 3488 965 3551 enim
985 3494 1042 3551 aut
1057 3486 1270 3572 ‘Agricolam'

81 3577 343 3676 &scripsisset
366 3596 404 3656 ut
426 3591 561 3677 Novius
584 3598 642 3658 aut
666 3593 868 3658 ‘Rusticum'
893 3597 929 3659 ut
950 3594 1157 3678 Pomponius.
1203 3593 1270 3658 Ab·

92 3685 350 3784 uldicebatque
373 3699 458 3763 hane
482 3700 587 3784 ipsam
612 3724 630 3764 n
653 3700 770 3766 Plauto
794 3698 828 3765 Ε.
852 3699 995 3765 Accius
1020 3700 1104 3783 apud
1128 3700 1270 3765 Gellium

96 3770 205 3877 Ill,
223 3802 246 3885 3,
266 3805 284 3869 9
307 3804 359 3871 his
382 3807 505 3871 verbis:
530 3805 588 3871 Ἥ.
612 3811 722 3871 tamen
737 3806 842 3872 Varro
865 3807 900 3870 in
923 3807 1007 3871 libro
1031 3806 1069 3869 de
1093 3806 1269 3871 comoediis

109 3878 288 3975 Plautinis
309 3913 415 3997 primo
440 3911 531 3978 Accii
553 3915 654 3978 uerba
676 3914 757 3979 haec
779 3915 884 3998 ponit:
921 3936 1016 3978 «nam
1039 3934 1097 3976 nee
1121 3910 1269 3976 Geminei

113 3987 261 4081 lenones
284 4042 342 4085 nec
365 4017 557 4084 Condalium
585 4042 644 4084 nec
667 4020 758 4084 Anus
782 4020 890 4083 Plauti
919 4042 977 4084 nec
1000 4019 1057 4083 Bis
1082 4040 1270 4103 compressu

129 4117 206 4175 ¹¹⁰0
223 4118 343 4191 Boeotia
366 4146 520 4209 umquam
544 4125 619 4209 fuit,
642 4148 746 4210 neque
770 4126 849 4191 adeo
864 4125 1031 4211 Agroecus
1054 4147 1159 4209 neque
1174 4122 1268 4190 Com·

142 4224 302 4296 monentes
324 4231 429 4297 Macci
452 4230 566 4296 Titn’.
591 4269 632 4278 -
657 4231 723 4296 Vbi
747 4232 866 4297 testones
888 4253 947 4315 pro
972 4233 1069 4297 henos
1091 4255 1173 4296 unus
1197 4235 1268 4296 tan-

148 4316 219 4390 111111
235 4335 316 4403 codex
339 4338 489 4422 servavit,
511 4337 546 4402 in
569 4338 839 4422 interpolatorum
863 4340 970 4401 autem
994 4341 1086 4422 parte
1110 4338 1268 4421 scripturn

160 4431 206 4490 131
223 4444 317 4516 nemini
343 4467 396 4511 nec
424 4447 533 4530 leones3
556 4482 600 4491 -
627 4445 661 4509 in
688 4446 752 4509 fine
774 4443 880 4509 Maeci
904 4443 969 4508 Titi
992 4441 1027 4529 (i.
1051 4465 1077 4507 e.
1101 4441 1226 4531 Plauti)
1251 4468 1267 4509 e
