2888 5040
436 132 649 181 rusvnauvu
674 131 985 178 rnaaurmunuvu.
1218 113 1284 178 295

110 284 168 344 ut
208 281 277 343 aute
304 299 401 362 quam
431 277 471 342 ad
499 277 605 360 ipsam
634 273 794 339 accedatis
817 273 1121 357 interpretationem
1144 272 1282 353 faciatis,

112 383 309 451 suademus
341 406 380 449 eo
413 383 553 466 valdius,
586 405 648 468 quo
677 382 806 446 brevius
835 403 874 445 ea
901 381 996 445 nobis
1025 402 1123 463 opera
1150 383 1283 464 propter

111 492 323 558 chartarum
344 490 422 555 huic
445 490 612 574 prooemio
635 511 862 555 concessarum
886 488 1084 571 paucitatem
1108 487 1282 572 defungen-

12 684 14 691 .
114 599 221 663 dum
240 601 300 682 est,
323 616 452 683 qnoque
474 597 579 663 maior
602 619 619 660 e
643 595 703 660 tali
726 595 896 681 diligentia
918 596 1043 660 fruetus
1067 593 1107 658 ad
1130 594 1282 658 idoneam

12 712 15 765 ῑ
115 707 167 769 in
207 703 262 770 hoc
286 705 438 770 universo
466 725 586 789 genere
608 702 797 768 facultatem
821 702 1072 786 comparandam
1095 701 1281 784 percipitur.

118 810 197 877 Sic
220 811 294 877 raris
318 810 512 897 qmbusdam
530 810 687 893 exemplis
708 832 816 874 veram
836 810 1028 892 scripturam
1048 809 1118 872 sola
1132 807 1281 892 Galliopii

119 919 323 984 recensione
346 917 510 1001 proditam
534 917 712 1002 reperietis,
735 915 824 998 utI,
847 915 878 998 4,
901 915 1076 999 aliquoties
1101 937 1139 979 ex
1162 915 1281 979 utrius·

122 1046 211 1108 que
235 1024 403 1091 coniuncta
433 1024 590 1089 memoria
620 1022 889 1107 concinnandam,
923 1026 960 1086 ut
987 1022 1056 1086 Per.
1082 1024 1110 1087 7.
1142 1021 1228 1086 Prol.
1251 1022 1281 1104 4,

123 1130 258 1197 alieubi
282 1133 369 1198 inter
397 1154 432 1196 se
455 1132 543 1215 ipsos
566 1131 615 1195 ita
637 1129 856 1214 discrepantes
880 1128 1117 1212 Calliopianos,
1149 1132 1186 1192 ut
1208 1151 1281 1193 con·

126 1237 249 1303 veniat
268 1239 362 1323 parti,
385 1239 472 1323 parti
496 1236 720 1302 disconveniat
738 1258 811 1300 cum
831 1235 999 1319 Bembino,
1023 1241 1119 1320 atque
1139 1235 1219 1300 adeo
1238 1236 1280 1299 ab

127 1364 215 1415 um)
232 1345 295 1410 solo
316 1367 429 1411 verum
452 1343 496 1409 sit
518 1346 693 1426 servatum,
716 1345 754 1407 ut
777 1342 802 1426 I,
813 1343 843 1406 9.
875 1341 959 1406 Item
978 1340 1172 1424 compluries
1189 1341 1281 1405 nulla

128 1449 201 1513 vel
220 1451 441 1538 propemodum
464 1450 555 1515 nulla
577 1451 770 1515 auctoritate
794 1449 991 1534 intellegetis
1015 1451 1178 1531 receptum
1195 1470 1280 1513 nune

133 1559 180 1618 et
215 1579 261 1641 per
288 1559 446 1644 plurimas
479 1556 636 1621 editiones
669 1561 884 1642 propagatam
915 1557 1108 1640 scripturam
1136 1555 1211 1639 niti,
1244 1559 1281 1619 ut

133 1656 219 1726 Per.
228 1666 251 1732 t.
271 1664 312 1751 Il,
325 1665 380 1730 25.
421 1661 525 1729 Simul
548 1666 659 1728 autem
682 1662 761 1727 haee
785 1667 819 1727 et
841 1662 961 1727 similia
985 1662 1102 1745 omnia,
1126 1683 1208 1745 quae
1226 1660 1280 1725 hic

137 1772 284 1857 nonani
301 1772 438 1856 longum
457 1776 517 1854 est,
539 1770 662 1834 leviora
680 1791 751 1834 esse
770 1770 917 1835 sentietis
937 1792 1014 1854 prae
1033 1769 1157 1833 duabus
1175 1769 1281 1853 rebus,

137 1864 180 1930 i¹1
206 1876 309 1957 quibus
338 1876 414 1961 ipsa
440 1879 561 1940 natura
583 1876 736 1941 Bembini
759 1874 878 1940 codicis
902 1897 973 1940 eum
998 1873 1150 1959 Calliopii
1173 1897 1280 1940 reeen-

134 1969 231 2047 ⁸ione
256 1983 437 2069 comparati
463 1983 620 2049 cernitur:
652 1986 689 2048 ut
716 1983 750 2048 iu
779 1983 917 2067 singulis
944 2005 1009 2048 non
1032 1983 1191 2067 haerenti,
1224 1983 1280 2047 sed

131 2082 282 2158 u111'veree
303 2096 339 2158 et
359 2091 541 2178 generatim
563 2090 718 2156 iudicanti
741 2091 869 2175 longius
894 2091 992 2155 etiam
1017 2115 1037 2156 a
1060 2090 1211 2155 Bembini
1234 2090 1280 2155 in-

125 2176 290 2269 teilfitate
313 2196 467 2282 calliopii
493 2196 638 2262 recensio
666 2196 799 2280 distare,
832 2219 929 2281 quam
957 2197 1014 2262 illa
1037 2199 1150 2263 abesse
1174 2220 1194 2261 a
1216 2198 1278 2281 pri·

116 2285 226 2367 'filla
245 2304 430 2371 fabularum
448 2303 718 2368 Terentianarum
742 2303 849 2386 specie
872 2304 1027 2386 videatur,
1050 2303 1081 2369 h.
1096 2326 1122 2369 e.
1145 2308 1181 2368 nt
1205 2305 1279 2368 sim-

107 2387 255 2479 Mitius
270 2412 428 2495 dieamus,
449 2411 548 2496 longo
567 2409 740 2476 intervallo
755 2410 913 2495 optimum
928 2411 1070 2476 codicem
1085 2411 1280 2476 Bembinum

10 2500 12 2535 ³
103 2504 222 2598 ⁰⁸⁸0,
248 2542 285 2585 ae
313 2518 411 2604 longe
439 2517 588 2602 plurimis
612 2515 891 2601 Calliopianerum
919 2518 1030 2583 naevis
1055 2517 1279 2603 abstergendis

94 2608 295 2709 ⁸¹¹ffieere,
328 2625 385 2690 sed
412 2624 463 2689 vel
491 2624 538 2689 sic
565 2629 703 2708 restare,
735 2647 818 2709 quae
846 2647 919 2689 cum
947 2625 1022 2689 tolli
1045 2625 1195 2690 Bembini
1219 2649 1279 2709 ope

87 2712 310 2817 ‚nequeant
343 2732 431 2797 ultra
457 2732 553 2796 huius
581 2732 677 2796 fidem
705 2732 935 2816 progrediendi
964 2736 997 2798 et
1021 2732 1136 2797 salutis
1165 2755 1279 2799 econ-

82 2815 256 2904 metum
272 2839 432 2923 petendae
450 2839 679 2904 necessitatem
697 2842 889 2903 monstrent.
926 2839 976 2903 Ea
996 2844 1106 2904 autem
1125 2844 1158 2904 et
1175 2841 1279 2905 maior

77 2916 138 2979 et
175 2946 297 3012 lninor
319 2968 379 3031 pro
403 2967 438 3009 re
461 2949 652 3027 comparata
675 2944 827 3009 Bembini
855 2945 929 3010 libri
957 2947 1128 3030 integritas
1153 2948 1214 3012 etsi
1239 2948 1278 3012 ad

74 3017 196 3107 ⁸¹58»
215 3053 309 3136 plura
322 3054 458 3137 spectat,
477 3055 586 3115 tamen
604 3056 732 3135 praeter
749 3052 874 3135 reliqua
888 3053 922 3116 in
938 3076 999 3117 uno
1015 3076 1117 3137 eoque
1135 3056 1279 3120 omnium

68 3133 328 3225 8¹⁸³’‘vissimo
342 3158 559 3242 corruptionis
574 3179 691 3242 genere
706 3160 854 3242 cernitur,
864 3159 926 3224 hoc
936 3164 986 3224 est
999 3161 1033 3225 in
1048 3163 1280 3244 irrtrproletionc

66 3239 147 3335 ,ἓξ
183 3263 471 3348 interpretamentis
493 3268 575 3329 orta.
621 3264 896 3340 Quemadmodum
920 3267 1006 3331 enim
1030 3268 1278 3352 depravatorum

63 3340 141 3409 ¹¹¹
190 3372 287 3438 codd
310 3372 505 3456 scriptorum
533 3371 616 3435 aliae
644 3371 783 3436 aliorum
811 3395 944 3438 caussae
973 3378 1050 3438 sunt
1077 3376 1279 3458 praecipuae,

65 3451 209 3560 ¹¹⁹0,
233 3484 270 3544 ut
292 3480 354 3545 hoe
377 3482 464 3563 utar,
492 3476 717 3542 Plautinarum
740 3480 997 3562 corruptelarum
1020 3481 1125 3563 primo
1148 3483 1182 3544 in
1205 3482 1277 3546 loeo

71 3554 334 3658 ,glossemata
352 3585 504 3652 habenda
522 3607 593 3650 esse
608 3586 792 3651 monuimus
811 3587 832 3651 l.
847 3609 872 3652 e.
886 3609 916 3670 p.
924 3588 987 3652 748
1004 3585 1133 3669 [Opuse.
1143 3611 1173 3671 p.
1187 3589 1277 3669 182J:

67 3660 165 3739 ¹²⁴¹
188 3690 231 3758 in
243 3693 387 3760 Terentii
405 3693 527 3758 fabulis
545 3693 669 3758 nullum
688 3697 738 3758 est
756 3694 818 3759 hoe
833 3695 1072 3778 depravationis
1087 3716 1203 3780 genere
1217 3696 1277 3759 fre-

73 3777 294 3866 ‘luentia
330 3801 423 3879 Quod
441 3804 475 3865 et
492 3800 540 3866 ita
555 3822 624 3866 esse
640 3805 673 3866 et
691 3803 924 3886 propemodum
943 3801 1078 3866 dixerim
1098 3825 1163 3867 non
1182 3825 1277 3886 posse

73 3880 275 3973 ¹10uita
300 3930 368 3973 cese
396 3908 560 3972 neminem
588 3908 682 3973 facile
705 3908 825 3994 fugiat,
858 3910 912 3994 qui
937 3932 1002 3973 non
1026 3933 1156 3993 prorsus
1180 3910 1276 3975 hodie

78 3970 281 4087 fugitivis
310 4015 414 4082 oculis
438 4014 630 4100 Basilicani,
654 4016 819 4101 Vaticani,
842 4017 1052 4082 Ambrosiani
1081 4018 1221 4101 speeiem
1245 4025 1278 4085 et

84 4099 353 4187 Qssudicionem
383 4126 551 4188 externam
582 4124 760 4188 intueatur:
793 4147 929 4207 quorum
960 4126 1107 4210 singulas
1137 4127 1276 4211 paginae

85 4200 207 4288 Ῐι91]
237 4230 360 4294 lantum
396 4229 540 4313 repletae
577 4234 652 4294 sunt
688 4240 720 4294 et
751 4234 905 4314 tunquam
939 4231 1063 4298 obsitae
1097 4233 1277 4321 adscriptis,
