2924 5046
442 353 715 402 nrscmnrnnavu
739 354 860 401 nrnnrs.
1155 335 1218 399 377

77 499 132 563 tica
156 499 312 582 exposita
335 518 405 562 esse
420 494 581 567 Cornutus
604 497 695 561 dicit:
719 495 774 560 sed
797 496 933 560 alteram
957 498 1067 559 tamen
1091 494 1124 558 in
1147 517 1219 577 par-

86 609 140 665 nn
163 623 230 668 non
253 606 359 669 levem
383 603 449 669 vim
472 603 534 667 hoc
556 602 664 685 habet,
689 602 772 687 quod
798 604 866 667 eius
890 602 1112 666 commentarii
1132 602 1221 665 nulla

97 704 168 786 opud
182 709 383 776 Priscianum
402 709 481 774 alibi
500 708 623 773 mentio
642 709 688 792 fit,
711 709 751 772 de
770 707 894 792 origine
914 712 1021 772 autem
1041 707 1062 771 l.
1080 708 1101 773 l.
1120 708 1220 772 libros

102 808 150 872 sibi
172 818 314 903 cognitos
338 818 407 901 ipsc
429 820 578 881 testatur.
594 855 636 860 —
651 814 801 880 Ceterum
821 812 1056 879 eVarroniana
1076 814 1222 879 doctrina

105 913 192 983 totum
210 924 396 1007 pependisse
416 922 585 1008 Nigidium
600 922 751 1006 Figulum
776 924 886 985 auctor
909 924 959 984 est
974 919 1096 985 Marius
1111 920 1220 985 Victo·

106 1017 178 1088 rinus
199 1029 231 1092 de
254 1029 400 1113 orthogr.
423 1052 453 1113 p.
478 1029 565 1094 2456
589 1029 623 1092 Ρ.
648 1027 732 1093 8G.:
761 1028 909 1111 Nipidias
930 1028 1063 1110 Fipntns
1087 1029 1121 1092 in
1143 1048 1221 1091 eoni-

103 1135 239 1201 maaria
255 1138 321 1201 acis
338 1157 393 1200 neo
410 1135 429 1199 l·
441 1137 549 1218 posint
566 1157 620 1201 nec
637 1157 657 1217 q
675 1156 728 1200 nec
744 1157 774 1199 a.
802 1136 881 1199 idern
895 1134 915 1197 t
929 1155 992 1199 reon
1010 1155 1071 1199 csse
1089 1135 1223 1198 litterani

99 1236 144 1298 Sed
161 1248 257 1308 norom
279 1244 481 1325 aspirationis
499 1244 636 1308 tradidit.
674 1241 722 1307 Of.
741 1265 770 1327 p.
792 1243 878 1307 2466
898 1240 979 1329 (22).
1003 1240 1221 1324 Similiterque

97 1360 160 1409 cum
184 1350 233 1414 ille
256 1355 325 1413 tum
349 1349 406 1413 alii
430 1350 464 1413 in
487 1349 575 1414 aliis:
598 1347 682 1433 quod
705 1370 790 1413 nunc
812 1350 961 1433 persequi
985 1350 1118 1433 longum
1142 1351 1200 1412 est.

172 1457 201 1519 4.
236 1454 401 1538 Imprimis
434 1455 609 1539 diligenter
640 1459 673 1519 ct
703 1453 831 1538 copiose
863 1455 901 1519 dc
931 1455 952 1518 t
980 1457 1091 1521 littera
1121 1452 1222 1537 deque

88 1557 279 1639 aspiratione
302 1560 483 1627 Varronem
514 1562 696 1645 disputasse
727 1561 788 1625 etsi
819 1561 899 1625 satis
928 1560 1119 1626 documento
1147 1564 1222 1624 suut

86 1655 215 1732 Cornuti
231 1667 423 1751 Apuleiique
447 1689 528 1751 quae
547 1666 792 1751 perscripsimus
813 1668 1007 1751 testimonia,
1029 1672 1137 1733 tamen
1157 1667 1222 1751 ple·

83 1766 155 1834 nius
183 1775 281 1840 etiam
309 1773 395 1839 idem
420 1796 457 1838 ex
482 1775 620 1838 aliorum
643 1774 772 1858 scriptis
796 1777 1081 1859 grammaticorum
1105 1795 1222 1859 cogno-

83 1873 190 1944 sssitur.
234 1878 545 1946 Coniunctissimum
574 1901 646 1944 cum
669 1879 858 1964 Apuleianis
886 1881 947 1946 hoe
975 1885 1024 1945 est
1052 1880 1136 1964 apud
1159 1878 1223 1944 Ve-

85 1976 163 2048 linm
186 1987 332 2072 Longum
366 1985 404 2050 de
432 1986 544 2051 ortho
552 2007 603 2071 gr.
631 2010 661 2070 p.
685 1987 787 2052 2230:
819 1993 855 2051 at
882 1988 965 2052 tostis
991 1992 1035 2052 cst
1062 1986 1175 2068 Varro,
1203 2008 1225 2049 a

84 2083 209 2158 δαὸἰπίε
228 2093 337 2173 fasena
360 2093 485 2175 dicitnr,
515 2096 544 2156 et
564 2093 643 2156 aaa
663 2112 680 2155 s
699 2091 904 2172 familiariter
926 2095 960 2158 in
983 2115 1001 2156 r
1024 2093 1150 2170 transit,
1180 2095 1224 2156 ita

84 2189 105 2268 s
125 2195 159 2258 in
181 2198 314 2263 airinom
336 2199 556 2281 aspirationem
579 2202 726 2264 matatar.
772 2195 831 2263 Cui
855 2221 981 2264 rursum
1004 2199 1148 2283 proxime
1172 2222 1222 2263 ac-

87 2298 168 2366 cedit
191 2304 378 2371 Servianum
400 2303 483 2369 illud
506 2304 540 2368 in
564 2302 644 2368 Aen.
658 2303 683 2387 l,
705 2305 780 2369 172:
803 2308 912 2386 arena]
936 2308 1094 2388 quaeritur
1116 2306 1224 2370 lrabeat

89 2421 173 2474 More
195 2433 303 2478 nomon
325 2412 381 2476 hoc
401 2412 632 2493 asperationem.
655 2417 684 2476 et
711 2412 810 2477 Varro
833 2414 877 2478 sic
899 2415 1021 2496 definit:
1048 2414 1137 2478 siat
1159 2414 1222 2477 ari-

91 2508 178 2581 ditate
203 2520 329 2598 dicitnr,
357 2539 420 2584 non
442 2518 542 2602 habet,
573 2519 602 2582 si
624 2517 663 2582 ab
685 2517 849 2600 haerendo,
881 2525 915 2584 at
938 2522 972 2585 in
993 2521 1121 2601 latricis
1143 2521 1223 2584 oide-

94 2632 157 2696 mts,
183 2625 275 2690 aar.
317 2623 369 2689 Ad
393 2624 529 2690 eundem
552 2624 591 2688 de
615 2624 814 2708 aspiratione
833 2625 939 2690 locum
962 2625 1224 2710 baec'pertinent

95 2713 261 2796 Charisiil
290 2753 319 2816 p.
347 2731 404 2796 56:
430 2730 597 2813 pnelctrnm
635 2730 733 2794 Varro
761 2732 899 2812 aspirari
925 2732 1027 2797 debere
1052 2738 1155 2816 nepot,
1187 2754 1225 2798 ne

94 2822 203 2903 ditches
227 2839 464 2904 consonantibus
491 2838 591 2902 media
620 2838 784 2902 intercedat
805 2839 969 2920 aspiratio,
996 2842 1078 2921 quat
1099 2833 1226 2905 irainime

96 2939 199 3008 'tium
223 2947 361 3028 antiquis
388 2945 555 3010 videbatur.
582 2945 663 3009 narn
690 2949 718 3008 et
743 2945 913 3028 sepulerum
941 2946 1085 3029 hodieque
1114 2952 1224 3031 annet,

94 3044 163 3114 illd
187 3053 227 3117 sit
246 3073 381 3118 seorsum
403 3073 424 3116 a
441 3053 564 3134 ptrlcro,
581 3056 708 3134 propter
729 3053 967 3117 recordationem
989 3053 1120 3118 dolans·
1147 3076 1223 3119 nam

94 3136 159 3212 laec
186 3179 308 3243 quoque
330 3161 494 3243 postrema
515 3156 753 3222 Varronianam
778 3181 889 3243 sapere
911 3159 1092 3224 doctrinam
1114 3159 1222 3225 viden·

94 3249 137 3316 tur.
194 3263 339 3350 Denique
369 3262 448 3329 adde
476 3261 616 3329 Charisii
640 3263 656 3327 1
680 3287 709 3346 p.
733 3265 788 3329 62:
822 3264 959 3332 Graccus
988 3271 1016 3331 et
1044 3272 1129 3332 ortas
1157 3268 1224 3333 sinc

91 3360 272 3437 spiratione
297 3373 360 3437 dia
381 3371 482 3436 datae
510 3371 610 3436 Varro
631 3371 690 3449 ait,
718 3376 746 3435 ot
767 3376 868 3436 ortana
889 3376 1009 3455 quidem
1031 3376 1113 3457 qetod
1134 3376 1168 3440 in
1190 3397 1223 3441 eo
1276 3444 1281 3453 ,

90 3472 193 3541 (Μία
219 3481 374 3562 oriantur,
401 3477 554 3543 &acum
584 3476 689 3542 antan'
714 3499 735 3541 a
759 3481 901 3563 parendo,
931 3484 1012 3563 qnod
1039 3488 1137 3547 mater
1159 3486 1223 3549 eins

91 3564 240 3650 ‘limaisa
263 3585 416 3652 amalus
437 3590 523 3649 atero
545 3606 614 3649 arne
633 3589 800 3667 pestaoerit.
847 3587 938 3664 Quod
963 3594 1102 3654 testatur
1126 3592 1222 3656 etiam

92 3665 225 3755 seullus
251 3691 290 3756 de
318 3690 490 3775 orthogr.
518 3714 548 3776 p.
571 3693 671 3758 2256:
702 3699 793 3777 nepot
821 3694 920 3760 Varro
947 3698 1038 3761 etiam
1067 3695 1224 3764 &ardicis

93 3782 294 3895 adrandum,
316 3800 464 3882 panium
486 3820 507 3861 a
521 3801 650 3882 parendo
668 3802 710 3865 sit
727 3803 972 3885 copnominatns:
995 3808 1122 3868 matrem
1142 3808 1223 3872 asino

96 3903 164 3974 nis,
197 3906 248 3985 pai
271 3906 397 3986 pamas
419 3903 557 3970 Graccis
582 3907 624 3970 sit
644 3908 755 3985 datas,
786 3909 942 3975 duodo-im
965 3911 1223 3981 armahairteins

98 4011 154 4057 Μ
179 4005 286 4095 (vrrlgo
309 4008 442 4098 ntcrnrn)
462 4014 596 4096 pessissc.

179 4114 206 4179 5.
234 4117 279 4181 Et
296 4117 375 4181 haec
394 4119 519 4203 quidem
539 4120 577 4183 de
597 4122 794 4204 aspiratione
813 4129 986 4207 supersunt
1001 4125 1223 4199 Varronianae
1236 4161 1263 4201 se

109 4203 251 4285 iotanae
278 4223 429 4306 frustula,
456 4245 573 4310 magna
600 4231 686 4291 certe
710 4249 747 4290 ex
771 4226 877 4312 parte,
904 4230 968 4294 nisi
991 4232 1077 4298 fallit
1100 4239 1222 4306 coniec-

112 4314 179 4401 lssffl,
206 4350 241 4392 ex
274 4329 367 4393 libris
395 4329 434 4395 de
462 4332 587 4416 origine
615 4333 746 4418 linguae
775 4336 896 4402 latinae
918 4339 1030 4423 petita.
1075 4342 1221 4416 Indidem

118 4417 226 4499 fortasis
249 4435 314 4501 alia
338 4437 493 4521 quaedam
516 4443 646 4530 sumpta
670 4446 747 4506 sunt
771 4444 810 4509 ad
835 4443 916 4512 alios
939 4446 1028 4518 locos
1051 4452 1218 4549 omhogra
1264 4480 1269 4493 ·
