2888 5040
183 322 248 386 538
515 338 632 384 nnana
656 322 800 385 vraao’s
823 335 1000 383 inauruvu

182 480 316 544 videtur.
363 481 435 545 Non
459 480 665 562 Praxitelem,
696 481 751 544 sed
775 480 1001 564 Pythagoram
1024 476 1176 543 Samium
1201 476 1326 559 (Brunn

182 588 267 651 Hist.
296 588 380 650 artif.
405 587 495 651 Gal
525 610 554 670 p.
578 589 667 670 116),
695 609 790 671 quem
817 590 893 670 post
919 585 1109 670 Rheginum
1133 587 1153 666 ξ
1177 585 1224 649 60
1250 604 1323 647 conr·

182 700 341 758 memorat
363 694 500 778 Plinius,
524 695 754 759 statuariorum
777 692 1013 758 hebdomadem
1037 691 1186 774 explesse
1209 711 1317 770 censeo,

182 801 233 864 cui
258 799 343 883 apud
357 799 535 864 Varronem
559 802 665 866 locum
689 800 790 865 fuisse
813 798 893 863 mihi
917 798 1064 863 indicant
1088 798 1188 862 verba
1209 796 1312 861 addita:

183 907 253 970 ‘hic
277 930 374 990 supra
402 908 486 972 dicto
515 909 597 972 facie
621 930 747 991 quoque
771 907 945 971 indiscreta
968 905 1086 970 similis
1110 904 1210 969 fuisse
1231 902 1306 967 halt

181 1013 261 1098 tur',
289 1037 370 1099 quae
399 1013 526 1099 quidem
555 1015 594 1079 ad
623 1015 702 1078 artis
730 1014 901 1078 historiam
929 1036 949 1078 a
977 1011 1085 1077 Plinio
1114 1011 1298 1094 conscriptam

183 1121 266 1185 nihil
294 1122 430 1203 faciunt,
459 1142 654 1206 magnopere
682 1143 759 1185 vero
787 1120 828 1184 ad
851 1121 1009 1186 Varronis
1037 1121 1077 1184 de
1105 1115 1294 1203 imaginarii

183 1227 434 1311 disputationem
462 1227 630 1310 quadrant.
682 1226 840 1290 Iudicium
869 1229 978 1290 autem
1002 1224 1161 1291 Varronis
1187 1224 1222 1288 de
1242 1226 1292 1289 aa

182 1332 352 1398 Praxitelis
381 1335 528 1398 omittere
552 1333 677 1397 Plinius
705 1355 772 1397 non
799 1337 931 1419 propter
958 1333 1044 1396 hanc
1072 1355 1168 1396 unam
1192 1351 1289 1401 ausim
1338 1306 1340 1341 Ι

183 1441 297 1522 potuit.
323 1478 362 1484 -
393 1440 517 1504 Addam
547 1440 683 1524 denique
711 1440 870 1523 pictorum
895 1437 1131 1503 hebdomadem
1153 1435 1284 1503 Alexandri

182 1544 293 1630 Magni
318 1547 417 1610 aetati
442 1548 638 1630 supparium,
662 1568 757 1630 quam
781 1568 837 1609 cur
851 1545 1016 1609 Brunnius
1039 1543 1175 1608 noluerit
1194 1542 1280 1607 adicere

181 1656 273 1717 tanto
298 1653 405 1717 minus
434 1654 596 1739 intelligo,
624 1653 710 1737 quod
738 1653 771 1715 in
801 1674 872 1715 eam
895 1652 994 1717 incidi
1019 1651 1059 1715 ab
1083 1651 1153 1734 ipso
1174 1648 1274 1712 Bromio

184 1765 471 1825 commemoratam
494 1761 580 1825 Hist.
604 1760 689 1826 artif.
712 1759 745 1823 ll
768 1782 798 1842 p.
822 1759 897 1823 249.
920 1758 995 1823 252.
1041 1757 1095 1822 lta
1117 1757 1193 1821 enim
1209 1753 1273 1829 Quin·

182 1865 332 1930 ctilianus
352 1866 375 1930 l.
399 1866 435 1930 Ο.
455 1865 526 1948 Xll,
553 1868 602 1949 10,
625 1867 659 1930 6:
684 1862 821 1930 ‘Flor‘uit
843 1868 953 1929 autem
976 1865 1063 1928 circa
1085 1862 1236 1945 Philippum
1250 1859 1272 1919 et

181 1994 281 2055 usque
300 1973 341 2035 ad
360 1995 559 2037 successores
574 1972 752 2037 Alexandri
770 1972 895 2055 pictura
914 1970 1095 2054 praecipue,
1113 1968 1164 2032 sed
1184 1962 1272 2031 diveat

181 2078 365 2142 virtutibus.
411 2078 496 2143 Nam
520 2099 597 2142 cura
619 2079 813 2161 Protogenes,
841 2076 967 2141 ratione
991 2075 1169 2158 Pamphilus
1188 2094 1214 2137 ac
1229 2068 1271 2135 lte

182 2185 331 2263 turribius,
363 2186 519 2249 facilitate
547 2185 744 2266 Antiphilus
777 2183 994 2267 concipiendis
1024 2181 1200 2262 visionibus,
1221 2193 1272 2260 qua

181 2291 356 2369 φανταεία(
381 2296 507 2374 vocant,
533 2292 639 2357 Theou
663 2290 800 2374 Samius,
824 2290 953 2375 ingenio
977 2294 1012 2354 et
1034 2289 1146 2374 gratia,
1167 2279 1272 2372 quanin

182 2418 215 2459 se
239 2396 307 2479 ipse
332 2398 469 2462 maxime
492 2399 601 2481 iactat,
625 2399 747 2480 Apelles
770 2400 820 2461 est
843 2396 1147 2480 praestantissimus.
1173 2389 1273 2473 alac

142 2527 167 2564 11
181 2524 287 2567 uorem
311 2504 534 2569 admirandum
558 2505 645 2587 facit,
669 2505 753 2588 quod
773 2509 805 2568 et
823 2503 938 2568 ceteris
957 2502 1090 2586 optimis
1109 2500 1206 2566 studiis
1218 2497 1274 2561 inter

182 2611 372 2693 praecipuos
401 2616 433 2675 et
460 2611 614 2695 pingendi
642 2610 847 2695 fingendique
870 2610 955 2673 idem
979 2609 1081 2672 mirus
1103 2607 1204 2672 artilex
1219 2590 1275 2667 iuit’

181 2715 382 2791 -Quorum
405 2718 538 2781 nomina
561 2718 622 2781 etsi
645 2717 730 2801 apud
750 2716 892 2781 Plinium
912 2717 1102 2796 §iu-144
1124 2737 1183 2780 non
1198 2707 1279 2775 eodem

182 2823 292 2886 ordine
314 2824 508 2906 referuntur,
531 2824 586 2887 sed
610 2824 685 2888 hoc:
717 2823 922 2906 Pamphilus,
946 2823 1093 2906 Apelles,
1119 2814 1283 2885 Melanthius

182 2929 393 3013 Protogenes,
425 2929 633 3013 Euphranor,
666 2929 867 3012 Antiphilus,
901 2928 1028 3011 Theon,
1061 2936 1166 2993 tamen
1192 2923 1216 2989 id
1235 2930 1286 2985 n01¹

181 3040 289 3118 potest
319 3037 461 3119 obstare,
499 3037 671 3120 quominus
709 3035 865 3100 concedas
902 3057 940 3099 ea
977 3036 1082 3100 iustae
1114 3015 1288 3098 hebdomadis

183 3142 518 3215 Varronis,amhitum
543 3143 766 3226 complevisse,
791 3142 845 3224 qui
869 3164 966 3225 quum
991 3142 1072 3206 duas
1095 3137 1289 3206 statuarioruln

181 3247 399 3313 hebdomadas
422 3251 654 3331 constituisset,
679 3249 822 3333 profecto
846 3270 911 3312 non
935 3251 985 3311 est
1008 3268 1065 3311 cur
1083 3252 1214 3331 negetur,
1230 3250 1290 3306 aur

182 3353 253 3416 dem
281 3355 416 3419 totidem
444 3357 602 3439 pictorum
632 3356 850 3438 composuisse
879 3355 925 3418 ita
952 3357 990 3417 ut
1017 3354 1051 3418 in
1075 3354 1175 3418 altera
1193 3339 1289 3415 zema

182 3457 385 3543 Parrhasius,
414 3463 469 3526 alii
494 3469 602 3528 essent
624 3463 676 3526 his
701 3462 902 3527 vetustiores.
943 3461 1038 3525 lllam
1061 3466 1168 3526 utrum
1188 3481 1220 3523 ex
1236 3456 1288 3538 ἰμῦ

182 3565 327 3631 Varrone
351 3568 496 3633 hauserit
519 3569 753 3645 Quinctilianus
778 3569 865 3632 dictu
893 3572 943 3631 est
965 3566 1112 3650 difficile,
1143 3566 1195 3631 sed
1216 3560 1286 3627 eru

182 3673 210 3736 si
233 3695 304 3737 eam
328 3678 442 3757 sponte
466 3676 681 3757 constituerit,
704 3675 815 3758 quidni
839 3675 872 3737 in
897 3672 1027 3739 eosdem
1047 3672 1152 3738 Varro
1174 3674 1287 3756 sepem

181 3779 322 3843 illustres
341 3780 489 3845 homines
510 3782 718 3865 undecunque
733 3780 992 3863 circumspiciens
1007 3779 1148 3843 incidere
1162 3765 1288 3863 potuerit?

181 3923 223 3930 -
243 3883 454 3951 Coniecturae
473 3890 580 3950 autem
604 3891 735 3952 nostrae
758 3886 972 3971 probabilitas
997 3885 1179 3971 augebitur,
1199 3884 1224 3948 si
1239 3872 1293 3947 alti

180 4014 307 4076 quoque
331 3993 582 4068 Quinctilianum
607 3994 825 4059 hebdomades
845 3993 1003 4058 Varronis
1026 3994 1205 4076 respexisse
1225 4008 1297 4075 appr

180 4100 289 4183 ruerit,
312 4100 402 4164 cuius
426 4101 472 4164 rei
495 4101 634 4185 vestigia
653 4101 810 4184 quaedam
829 4101 907 4165 licet
924 4098 1038 4163 tenuia
1055 4098 1138 4164 mihi
1156 4095 1302 4183 deprehen·

181 4205 266 4270 disse
293 4206 411 4270 videor.
457 4205 671 4272 Continentur
699 4230 738 4271 ea
765 4229 898 4271 recensu
926 4205 983 4270 illo
1008 4206 1220 4289 scriptorum,
1243 4223 1308 4288 quos

181 4335 253 4376 cum
285 4312 427 4377 utilitate
459 4313 568 4378 futuro
606 4315 728 4379 oratori
765 4314 920 4398 legendos
957 4313 1176 4379 commendat
1233 4308 1314 4397 Apud

182 4418 433 4498 Quinctilianum
457 4419 521 4486 l.X
547 4442 572 4484 c.
591 4422 606 4484 1
624 4443 644 4484 a
662 4421 750 4504 sle,
774 4420 830 4485 ubi
850 4419 935 4484 aliud
958 4441 1095 4504 prorsus
1115 4424 1215 4507 atque
1228 4419 1319 4486 Varro
