2924 5046
378 385 456 434 mvn
480 384 728 434 uaauousuvu
752 386 856 432 uisui.
1122 368 1187 434 563

114 527 223 592 icator
232 527 411 592 Mamurius
421 527 575 593 Veturius
591 529 675 612 apud
685 528 773 593 Festi
788 527 1002 592 breviatorem
1016 526 1189 592 Paullum?

122 639 233 700 tamen
264 657 282 698 e
314 634 435 700 talibus
468 635 675 720 antiquitatis
707 633 857 717 Latinae,
891 633 1007 717 Oscae,
1041 633 1190 718 Sabinae,

114 762 185 806 asse
209 742 308 805 etiam
331 738 528 824 Etruscae*)
556 741 703 805 latibulis
727 746 824 825 atque
852 741 1031 805 recessibus
1055 741 1189 806 immen-

125 846 176 910 vir
198 846 365 911 doctrinae
384 846 628 931 indefessaeque
650 846 829 910 industriae
852 847 1014 931 putandus
1033 848 1096 911 erit
1118 852 1190 911 tan-

114 1008 117 1016 .
141 956 298 1038 quantum
322 974 403 1036 opus
427 957 513 1017 esset
536 952 740 1016 ambitiosius
759 953 939 1024 conrasisse
962 954 1070 1038 potius
1094 975 1190 1037 quam

114 1059 190 1124 erius
214 1058 388 1143 delegisse,
411 1059 600 1125 necessitati
618 1059 723 1142 magis
742 1058 869 1122 cuidam
893 1061 1057 1142 patienter
1075 1059 1190 1123 cedens

114 1189 145 1231 m
169 1189 187 1231 e
210 1167 257 1231 rei
282 1165 418 1230 veritate
446 1165 608 1229 artificum
636 1165 827 1248 dignitatem
852 1167 988 1231 metiens
1017 1167 1189 1250 debitaque

114 1295 142 1337 sc
166 1274 280 1338 virtuti
303 1273 448 1356 praemia
471 1272 671 1356 dispensans.
704 1271 812 1354 Atque
834 1294 851 1335 e
870 1271 1017 1338 Varrone
1040 1277 1192 1357 excerpta

114 1408 117 1439 e
140 1402 222 1464 quae
246 1380 285 1443 de
308 1380 462 1463 plastices
482 1379 733 1463 antiquitatibus
755 1401 775 1441 a
793 1381 813 1459 ᾗ
835 1380 899 1443 154
921 1380 962 1444 ad
985 1381 1045 1444 157
1066 1379 1190 1443 Plinius

114 1487 249 1569 cripsit,
277 1486 453 1549 identidem
480 1485 550 1568 ipse
574 1489 713 1548 testatus
737 1491 796 1549 est.
838 1484 926 1560 Quae
950 1508 1023 1551 cum
1046 1487 1093 1550 ita
1116 1486 1192 1567 sint,

114 1615 187 1658 asse
223 1595 355 1676 praesto
397 1591 460 1656 erit
496 1612 589 1675 quem
626 1589 760 1654 Phidiae
799 1593 973 1657 contulisse
1010 1591 1192 1656 Varronem

114 1699 207 1782 icias,
235 1696 353 1762 Decius
382 1698 452 1781 ille,
483 1699 573 1763 cuius
602 1698 664 1762 soli
691 1698 797 1763 Plinio
827 1702 947 1766 mentio
975 1700 1110 1764 debetur
1137 1697 1192 1762 lib.

114 1804 187 1870 XIV
216 1805 305 1885 §44
336 1804 418 1868 baec
449 1804 612 1888 prodenti:
650 1804 787 1869 ‘habent
819 1807 853 1870 in
887 1807 997 1871 eodem
1030 1803 1191 1887 Capitolio

114 1911 296 1976 litationem
320 1916 353 1974 et
375 1911 484 1995 capita
507 1911 584 1995 duo,
608 1934 689 1994 quae
712 1910 747 1974 P.
770 1911 926 1976 Lentulus
951 1910 1075 1976 consul'
1100 1908 1192 1993 (anni

114 2017 234 2081 ridetur
253 2017 317 2081 697
338 2040 369 2082 u.
387 2015 427 2100 c.)
451 2017 602 2082 ‘dicavitz
626 2018 765 2082 alterum
785 2041 805 2082 a
824 2018 961 2084 Charete
985 2041 1083 2102 supra
1105 2017 1192 2081 dicto

114 2146 187 2189 mm:
212 2124 350 2190 alterum
372 2124 450 2188 fecit
469 2123 596 2207 Decius,
619 2127 860 2209 comparatione
879 2126 913 2189 in
932 2129 1059 2189 tantum
1078 2124 1193 2205 victus,

114 2231 273 2295 artificum
301 2230 444 2295 minume
473 2230 726 2313 [im]probabilis
759 2231 930 2296 videatur’.
972 2231 1038 2295 Vbi
1068 2231 1131 2294 etsi
1158 2229 1193 2292 in

114 2338 284 2423 nbcrgensi
308 2337 485 2420 exemplari
508 2335 629 2401 ‘dicus'
654 2337 880 2420 scriptumest
902 2362 960 2422 pro
985 2336 1135 2420 ‘decius’,
1158 2337 1193 2399 in
1212 2422 1214 2426 .

145 2444 298 2508 mutilum
330 2443 433 2507 latere
461 2443 576 2507 Graeci
604 2464 723 2507 nomen
752 2444 899 2526 artificis,
932 2448 969 2508 ut
996 2441 1193 2524 ‘Prodicus',

114 2550 199 2634 igius
223 2550 407 2633 suspicatus
427 2553 490 2634 est,
514 2553 622 2613 tamen
646 2571 663 2612 e
687 2552 839 2614 sescentis
860 2549 992 2614 Graecis
1016 2571 1116 2613 unum
1140 2549 1193 2612 vix

116 2655 143 2718 is
178 2655 410 2739 persuademus
447 2659 539 2720 tanto
578 2678 650 2720 cum
690 2655 832 2739 pondere
873 2661 1004 2740 tamque
1047 2655 1194 2739 quaesito

114 2761 198 2826 mine
222 2763 301 2826 item
320 2761 444 2827 Graeco
464 2763 580 2827 artifici
601 2762 732 2828 Chareti
755 2763 942 2845 oppositum
961 2783 1039 2825 esse.
1072 2759 1195 2824 Contra

114 2889 192 2932 ‚ccae
216 2867 320 2932 laudis
341 2869 485 2933 aemulus
504 2868 671 2933 Romanus
695 2868 793 2932 bomo
813 2868 979 2932 commode
1002 2867 1195 2951 perspicitur

147 2974 283 3039 consilio
313 2974 517 3039 succubuisse
551 2975 678 3058 quidem
712 2975 852 3057 dicatur,
885 2974 942 3036 sed
972 2974 1107 3038 honeste
1136 2994 1195 3035 nec

114 3101 123 3143 e
150 3080 246 3144 laude
274 3081 489 3144 succubuisse.
535 3078 621 3143 Nam
645 3077 903 3162 ‘improbabilis'
931 3083 968 3143 ut
990 3100 1062 3142 cum
1086 3077 1194 3141 Fride-

114 3212 119 3244 ι
145 3185 336 3250 Thierschio
369 3186 408 3249 de
441 3186 573 3269 epochis
601 3186 682 3250 artis
710 3186 852 3250 Graecae
884 3209 914 3269 p.
938 3185 1001 3249 297
1036 3184 1196 3258 scribatur

139 3315 177 3357 eo
206 3292 291 3376 quod
325 3292 358 3355 in
390 3291 482 3355 libris
515 3291 680 3375 proditum
709 3295 759 3355 est
783 3289 1010 3374 ‘probabilis',
1042 3291 1113 3373 ipsa
1145 3290 1194 3353 vis

114 3398 233 3461 tentiae
257 3400 290 3461 et
314 3418 448 3461 acumen
466 3398 683 3481 oppositionis
703 3398 816 3481 exigit:
841 3401 955 3462 contra
977 3402 1074 3480 atque
1093 3396 1194 3460 Brun·

114 3526 129 3566 s
151 3505 267 3568 statuit
289 3504 325 3566 in
348 3503 496 3569 Historia
519 3506 678 3569 artificum
701 3505 764 3570 vol.
785 3504 801 3566 I
824 3529 854 3587 p.
879 3506 952 3568 602.

114 3626 264 3636 ——-

128 3676 152 3746 ')
174 3678 214 3732 De
237 3678 283 3732 his
306 3678 382 3733 enim
405 3678 505 3733 ltaliae
527 3679 671 3747 gentibus,
694 3696 750 3731 non
774 3678 808 3732 de
832 3677 957 3747 Graecis,
985 3681 1017 3732 ut
1039 3677 1193 3733 Merclrlino

114 3784 148 3819 un
164 3785 188 3836 p.
209 3774 242 3821 13
262 3768 355 3838 [540],
379 3767 562 3838 cogitavimus
581 3785 644 3820 cum
662 3767 782 3821 Graecos
801 3768 921 3821 diximus
939 3767 1034 3836 paullo
1053 3767 1195 3821 liberalius

115 3857 279 3922 rprctsndos
299 3873 358 3909 esse
376 3859 485 3910 exteros
504 3855 607 3924 videri,
627 3857 815 3911 Romanorum
834 3856 861 3910 in
881 3857 972 3911 locum
988 3855 1196 3909 substituendos

114 3954 144 3993 ⁰⁸
158 3944 256 4012 potius.
