2888 5040
185 339 249 407 596
389 354 673 407 smnusmouvu
696 353 998 406 curvunruunuvn
1020 356 1127 406 miss.

182 502 240 565 illa
267 506 439 584 tempestate
466 522 526 583 queo
554 506 695 582 tempore,
727 501 778 567 val
810 501 865 566 illo
897 506 1031 584 ternpore
1056 521 1118 583 queo
1137 502 1276 584 tempests

182 606 251 673 Nec
274 608 420 692 profecto
440 608 607 691 minuitur,
630 608 686 673 sed
706 612 844 694 augetur
866 608 1044 674 insolentia
1067 609 1218 691 sermonis,
1233 626 1278 671 cun

184 716 306 779 omissa
324 716 358 778 in
376 717 483 798 priore
502 715 646 780 membro
666 715 916 799 praepositione,
939 714 1067 779 adiecta
1084 715 1119 779 in
1140 714 1279 799 pomum

184 822 242 884 elta
269 808 451 904 tmpestate,
483 843 518 885 ee
544 843 605 903 qao
638 827 810 904 tempestate
836 819 955 884 dicitur
984 843 1046 904 pro
1074 843 1112 887 eo
1144 820 1216 904 quod
1235 838 1280 883 eus

184 927 297 992 debuit
318 949 356 992 es
378 928 435 992 illa
459 933 642 1012 tempestate,
669 949 733 1009 qua
755 927 806 992 vel
829 947 866 990 ec
887 947 950 1007 quta
972 925 1179 1012 (tempestnteb
1201 925 1280 991 uedun

185 1037 221 1095 ut
254 1037 379 1098 mutata
415 1035 523 1098 forma
554 1035 696 1100 nominis
732 1035 860 1119 placeat
892 1034 951 1099 cllo
982 1040 1165 1117 tesupestotc,
1194 1054 1240 1116 qao
1257 1050 1282 1095 a

186 1145 323 1222 tempore.
351 1138 555 1225 Quamquam
575 1164 706 1206 sensum
728 1142 887 1206 editorum
910 1163 952 1206 ne
975 1141 1061 1206 forte
1083 1143 1282 1224 interpretemur

184 1246 392 1329 invidiosius,
420 1247 625 1313 dissimulare
648 1249 796 1313 nolumus
822 1248 962 1312 fortasse
984 1269 1053 1312 non
1076 1247 1171 1312 talem
1192 1245 1281 1310 cunno

185 1353 457 1417 constructionem
484 1354 558 1418 illos
586 1355 757 1440 probasse,
782 1377 847 1440 qna
868 1354 969 1420 verba
998 1375 1082 1438 quae
1109 1357 1180 1417 sunt
1200 1371 1243 1433 quc
1257 1368 1282 1413 a

185 1463 316 1538 tempore
343 1459 506 1542 prioribus
533 1460 600 1523 illis
627 1460 685 1525 illo
707 1465 879 1542 tempestate
905 1460 1100 1544 simpliciter
1127 1458 1282 1537 referrentur,

186 1564 241 1628 sed
256 1564 339 1629 hanc
354 1566 500 1648 potuisse
516 1566 698 1649 explicandi
712 1567 799 1631 viam
815 1566 1032 1631 comminisci:
1048 1565 1122 1630 ‘illa
1135 1565 1280 1648 tempestate

138 1695 172 1736 vr
187 1672 351 1754 universa,
380 1693 462 1754 quae
491 1672 620 1737 duravit
647 1673 721 1736 inde
749 1673 790 1737 ab
819 1695 857 1738 eo
885 1672 1044 1756 temporis
1073 1674 1221 1737 momento
1239 1687 1280 1751 quo

186 1775 317 1841 Cretam
341 1779 482 1842 insulam
501 1780 641 1862 primum
661 1780 774 1864 attigit
793 1778 964 1844 Thescus'.
1002 1778 1049 1843 At
1067 1779 1118 1843 vel
1137 1780 1179 1842 sic
1193 1778 1280 1860 elego

186 1885 252 1948 tiae
276 1885 405 1969 quidem
427 1886 508 1950 nihil
533 1887 605 1970 pari
627 1886 745 1951 iterato
769 1887 925 1969 temporis
944 1886 1105 1951 vocabulo
1126 1885 1208 1970 (satis
1226 1880 1279 1946 cuin

185 1991 249 2054 fuit
271 2013 308 2056 ee
329 2013 388 2073 quo
411 1989 490 2077 dici)
513 2014 577 2056 non
601 1993 707 2057 minus
731 1997 853 2056 certum
877 1995 928 2057 eat
951 2015 1048 2076 quam
1073 2015 1139 2058 non
1160 1993 1216 2056 sine
1232 1984 1279 2052 nri·

186 2098 259 2163 ficio
292 2099 451 2163 rationem
484 2098 574 2162 illam
607 2121 734 2163 omnem
769 2099 907 2163 institui.
951 2096 1029 2182 Ipsa
1059 2103 1165 2163 antem
1192 2089 1279 2162 edificii

185 2204 276 2268 notio
296 2225 369 2268 cum
388 2206 453 2269 vim
468 2227 545 2269 sane
561 2205 747 2289 ambiguam
766 2204 885 2270 babeat
903 2205 938 2270 iu
955 2205 1018 2269 hac
1038 2227 1120 2289 quae
1136 2205 1172 2269 ad
1184 2203 1278 2268 Alexan·

187 2310 351 2374 drinorum
380 2311 562 2394 exemplum
586 2310 793 2384 ‘conformata
820 2315 870 2374 est
897 2310 1004 2393 poesi,
1039 2316 1090 2394 ut,
1122 2309 1191 2394 quid
1214 2302 1279 2371 coin

187 2438 305 2502 genere
326 2417 460 2481 nimium
485 2417 586 2499 dicas,
610 2417 686 2500 quid
709 2416 895 2499 tolerabile,
917 2438 984 2480 non
1008 2438 1111 2501 usque
1133 2408 1279 2500 qnaqucnl

187 2524 283 2587 certis
306 2523 425 2589 finibus
444 2527 584 2588 constet:
608 2527 643 2586 at
666 2523 751 2607 quod
769 2527 882 2588 nostro
902 2523 1010 2587 sensui
1035 2522 1196 2606 displicere
1213 2520 1280 2584 fater·

186 2652 273 2712 mur,
304 2628 338 2693 id
371 2629 400 2692 si
432 2651 472 2692 ne
504 2627 669 2712 proditum
702 2628 829 2713 quidem
859 2633 909 2693 est
936 2628 971 2691 in
1004 2629 1152 2713 genuinis
1180 2621 1280 2692 futur

186 2736 379 2818 scripturae,
411 2755 521 2798 verum
549 2734 705 2799 Italorum
734 2734 862 2798 demum
889 2736 1077 2800 coniectura
1104 2734 1281 2820 exoptato

187 2848 299 2907 nostro
332 2842 478 2926 profecto
510 2842 580 2905 iure
612 2842 663 2921 uti
692 2841 965 2925 existimabimur,
998 2842 1026 2904 si
1058 2841 1183 2907 illorum
1210 2825 1280 2903 sensui

186 2953 333 3014 nostrum
354 2952 599 3031 anteponamus.
632 2947 817 3011 Tenendum
839 2951 890 3011 est
913 2948 1000 3011 enim
1024 2968 1084 3031 pro
1105 2949 1186 3029 feros
1202 2961 1243 3027 ott
1257 2950 1282 2997 tl

186 3059 219 3120 in
253 3054 451 3119 Senteniano
483 3054 591 3118 codice
626 3055 772 3135 sausque
806 3059 836 3118 et
871 3075 955 3137 esse,
991 3054 1027 3117 in
1059 3053 1183 3119 Datano
1208 3048 1280 3114 subn

183 3163 329 3242 ferosque
351 3161 398 3223 tn:
427 3161 459 3224 in
488 3181 566 3244 quc,
593 3160 656 3224 nisi
679 3160 819 3225 multum
842 3159 1000 3242 fallimur,
1025 3161 1116 3241 seros
1141 3178 1216 3242 ptam
1231 3142 1282 3213 dell·

186 3269 259 3331 tuit.
296 3267 413 3330 Restat
439 3267 661 3350 importunum
692 3267 772 3330 illud
801 3272 943 3349 tempore:
975 3267 1010 3331 in
1039 3290 1103 3353 quo
1133 3248 1282 3332 emendant1⁰
1321 3272 1324 3353 l

185 3373 296 3437 nescio
333 3394 373 3436 an
407 3372 581 3436 eorundem
617 3372 746 3437 illorum
779 3374 936 3438 Italorum
973 3373 1190 3439 felicissimam
1218 3369 1282 3438 „epe
1322 3420 1324 3447 ,

186 3478 351 3542 divinandi
380 3479 548 3543 audaciam
580 3501 646 3544 non
678 3478 851 3544 infeliciter
877 3481 923 3544 sio
952 3481 1164 3563 aemulemur,
1191 3479 1219 3541 ut
1237 3478 1281 3568 ⁰⁰¹2
1322 3492 1324 3509 ¹

184 3589 317 3668 ruptum
341 3608 358 3649 e
380 3586 484 3650 robore
506 3589 665 3669 putemus.
706 3584 751 3649 Hi
774 3591 811 3650 ut
838 3585 1011 3650 tersissimi
1039 3592 1156 3671 poetae
1176 3561 1282 3647 veuitll

185 3693 354 3776 prodeant:

317 3799 380 3863 Illa
402 3801 612 3882 tempestate,
633 3799 725 3864 ferox
749 3822 860 3884 quom
885 3800 1028 3865 robore
1050 3799 1189 3866 Theseus

318 3906 478 3991 Egressus
502 3906 609 3969 curuis
634 3929 651 3969 e
674 3906 827 3971 litoribus
850 3904 957 3970 Piraei

319 4011 445 4096 Attigit
467 4012 579 4076 iniusti
603 4014 690 4097 regis
714 4013 874 4097 Gortynia
896 4017 1018 4077 tecta:

186 4119 254 4184 sive
287 4120 344 4183 ille
378 4119 448 4182 ἀλκὶ
480 4120 643 4184 πεποιθώς
676 4120 728 4185 vel
763 4121 851 4201 βίηφι
884 4122 1049 4186 πεποιθώς
1083 4143 1140 4185 seu
1169 4097 1288 4197 cursil

185 4227 314 4290 πίευνο(
343 4226 411 4289 sive
443 4227 503 4304 ἧφι
538 4226 646 4306 βίηφιν
678 4226 899 4306 ἀγαλλόμενος
928 4227 979 4292 vel
1014 4228 1064 4310 βίῃ
1098 4224 1292 4304 succursum

185 4335 252 4398 sive
276 4335 382 4412 κάρτεϊ
405 4338 525 4412 γαῦρος
549 4334 618 4398 sire
642 4333 768 4418 aliquid
791 4334 897 4398 simile
920 4335 1095 4416 expressit,
1119 4356 1182 4418 qno
1202 4333 1230 4414 s.

184 4442 330 4505 adversas
350 4442 491 4521 peretulo
519 4440 570 4527 (at
598 4446 648 4504 est
676 4440 761 4524 apud
791 4437 956 4527 Tacitum)
983 4440 1175 4506 bellatorem
1202 4437 1302 4504 diceret.
