2924 5046
210 314 276 377 282
619 330 666 374 aa
689 329 945 375 annularem

210 472 338 556 quidem
368 470 448 535 illud
477 493 595 535 nevum
624 477 688 556 est,
720 472 804 556 quod
828 472 926 535 semel
949 472 1041 538 bisve
1065 473 1203 559 singulis
1227 473 1443 560 paginis

209 579 243 641 in
263 577 444 660 marginem
463 577 581 641 reiecta
597 577 722 642 Bentlei
737 578 897 662 scriptura
911 600 983 643 eam
997 581 1171 659 revocavit,
1186 604 1272 666 quae
1289 584 1360 646 fe
1380 602 1441 643 re

210 684 378 768 legebatur
397 689 472 748 ante
486 684 680 749 Bentleium.
716 685 752 749 Id
772 689 880 750 autem
900 708 973 750 cum
990 708 1048 771 per
1071 709 1105 751 se
1127 688 1213 752 nihil
1237 688 1364 753 habe
1373 691 1440 751 aa

209 813 265 855 eur
294 791 512 874 improbetur,
543 796 652 855 tamen
682 791 723 855 ab
746 790 909 875 Lipsieusi
939 792 1061 858 editore
1091 794 1138 859 ita
1168 795 1438 861 institutum

209 902 273 980 est,
305 902 341 960 ut
369 919 434 960 nen
462 895 638 981 profecisse
662 898 875 962 Terentianae
898 898 1042 984 fabulae,
1072 901 1129 965 sed
1152 901 1439 986 aliquantu-:m

147 986 157 1009 ⁶
209 1004 395 1068 detrimenti
424 1004 547 1087 cepisse
575 1005 691 1068 merito
720 1005 954 1069 existimentur.
1007 1005 1112 1082 Quam
1144 1009 1234 1073 enim
1268 1030 1378 1093 spe
1391 1028 1443 1069 :m

210 1110 260 1174 sas
284 1116 334 1174 est
357 1110 395 1173 dc
420 1132 457 1173 eo
481 1111 617 1195 concipi,
639 1111 694 1194 qui
719 1133 814 1174 sanas
838 1115 872 1175 et
888 1112 1087 1177 necessarias
1106 1135 1227 1198 eosque
1246 1114 1359 1200 expl
1383 1133 1443 1176 «r

209 1217 391 1281 ratissimas
419 1216 588 1300 prosodiae
617 1223 649 1281 et
676 1220 851 1281 metrorum
879 1218 1022 1282 rationes
1050 1219 1130 1285 adeo
1153 1217 1445 1304 perverterit,

210 1327 247 1387 nt
270 1324 412 1387 ,luidriae
436 1344 563 1387 versum
597 1323 725 1407 prologi
752 1327 788 1386 ll
829 1324 875 1388 sic
903 1324 1047 1407 potuisse
1075 1331 1237 1410 apoetae
1260 1344 1445 1392 manu

209 1430 339 1514 prodire
363 1429 425 1493 sibi
448 1431 659 1513 persuaserit:
683 1430 757 1494 Neu
782 1431 825 1494 ito
847 1430 994 1494 dissimili
1010 1436 1085 1495 arnt
1100 1432 1295 1516 drpnmento,
1338 1426 1448 1496 Sel

210 1542 328 1626 tererent:
362 1536 411 1599 vel
441 1557 483 1599 se.
511 1535 607 1618 1,ἳό
639 1535 724 1599 hune
751 1535 949 1618 probaverit:
982 1537 1125 1603 Liberius
1150 1540 1278 1605 einardi
1296 1535 1450 1622 fedi

203 1647 338 1724 potestas
362 1665 387 1705 e.
403 1665 431 1726 q.
447 1665 480 1725 s,
504 1642 554 1704 vel
579 1642 631 1706 60.
650 1642 702 1706 85.
723 1643 785 1705 127
809 1641 882 1706 hos:
907 1641 1065 1708 Dicebant
1085 1650 1142 1709 eut
1165 1646 1451 1712 Nieo'ratuffl

209 1771 284 1813 erem
309 1749 343 1813 bi
365 1754 425 1814 tres
449 1748 514 1813 nim
536 1749 649 1812 sinenl:
683 1748 766 1829 Quid
785 1750 814 1814 si
838 1751 901 1830 ipse
922 1750 1078 1814 certasset?
1107 1752 1186 1832 quid
1205 1751 1259 1817 bie
1280 1742 1453 1818 „gin

206 1857 301 1938 faciet
317 1857 423 1938 petri:
463 1855 541 1935 Quis
568 1855 664 1938 ipitrir
689 1855 812 1920 relictis
833 1856 877 1920 e‘si
899 1855 1088 1938 obiurpendi
1109 1857 1200 1923 eac.
1249 1860 1456 1936 Qua-n-

210 1986 307 2047 quam
323 1962 488 2026 fatendum
508 1965 558 2026 est
577 1983 654 2025 sane
674 1983 739 2025 non
758 1962 960 2027 mediocriter
978 1962 1163 2028 istiusmodi
1183 1950 1461 2051 elegantziis

209 2075 338 2134 nostres
356 2091 441 2134 nune
459 2069 607 2133 hemines
627 2068 790 2153 delectari,
814 2069 869 2153 qui
891 2070 940 2134 vel
955 2068 1094 2134 Horatio
1114 2069 1251 2155 dignum
1271 2071 1462 2137 huz]

210 2175 405 2239 versiculum
428 2174 684 2258 pronuntiarint:
715 2173 885 2256 flavaeque
912 2176 1032 2257 oblique
1060 2177 1193 2255 loborat,
1227 2181 1263 2242 et
1284 2184 1452 2241 111--0

209 2305 273 2347 nen
297 2280 410 2345 dubito
434 2279 511 2364 quin
535 2280 617 2343 tales
642 2279 740 2344 etiam
763 2303 914 2346 numeros
938 2281 1128 2347 admiraturi
1148 2283 1455 2369 emigrat-:11²

209 2411 281 2454 rum
318 2387 484 2452 dulcedine
521 2386 655 2450 mirifice
693 2387 839 2451 conditos
876 2392 909 2452 et
941 2392 1125 2453 nectaream
1158 2390 1462 2456 suavita-‚ew

211 2497 387 2581 spirantes:

184 2656 197 2696 a
321 2635 439 2718 Video,
462 2638 571 2718 patres
596 2633 783 2718 conscripti,
806 2636 841 2700 in
864 2658 916 2701 me
939 2638 1082 2703 omnium

322 2743 473 2807 Vestrum
498 2744 555 2806 ora
579 2746 674 2826 atque
698 2742 807 2806 oculos
831 2745 902 2807 esse
925 2749 1109 2810 conversos:
1134 2745 1229 2811 vidie

322 2848 389 2912 Vos
412 2849 478 2912 non
502 2848 606 2910 solum
629 2845 669 2910 de
692 2849 801 2911 vestro
825 2869 862 2912 ac
886 2847 932 2911 rei
956 2848 1115 2934 publicae,

325 2955 444 3018 Verum
469 2953 581 3034 etiam,
605 2952 633 3016 si
656 2953 689 3016 id
713 2953 881 3036 depulsum
905 2954 961 3037 sit,
984 2954 1023 3019 de
1045 2978 1118 3021 meo

322 3058 469 3125 Periculo
494 3056 652 3122 sollicitos
676 3080 755 3123 esse.
800 3041 863 3122 Est
885 3059 966 3122 mihi
990 3083 1044 3124 -ε

210 3205 262 3269 vel
285 3202 472 3267 Plautinum
495 3201 594 3265 robur
617 3200 651 3263 in
673 3199 794 3264 talibus
819 3199 1060 3283 deprehensuri:

265 3404 278 3425 ‚
321 3344 526 3412 Facturusne
544 3364 660 3425 operae
684 3342 826 3425 pre‘tiirm
850 3347 924 3425 sim,
949 3343 976 3407 si
999 3367 1020 3408 a
1043 3345 1222 3428 primordie

322 3447 420 3513 Vrbis
444 3472 494 3512 res
518 3449 628 3532 populi
652 3448 792 3513 Rdmani
815 3448 1070 3534 perscripserim,

322 3556 391 3621 Nec
415 3556 496 3620 sitis
521 3556 601 3639 seio,
625 3568 683 3620 n'ec
706 3553 737 3618 si
757 3554 857 3619 sciam
881 3556 985 3620 ausim
1009 3555 1126 3621 dicere:

323 3663 449 3746 Quippe
473 3660 530 3745 qui
551 3684 622 3725 cum
646 3665 788 3725 veterem
811 3664 882 3725 tim
906 3662 1073 3747 vulgatam
1096 3665 1167 3728 e‘sse
1190 3686 1260 3729 rem

323 3768 473 3851 Videam,
497 3768 672 3832 damnosi
696 3769 823 3851 semper
846 3768 1018 3852 scriptores
1046 3791 1069 3833 c.
1091 3791 1119 3852 q.
1142 3791 1166 3835 ε.
1266 3812 1269 3817 -

209 3910 273 3974 nisi
298 3910 427 3994 (pridem
450 3933 478 3973 v.
501 3910 620 3993 medio,
648 3933 687 3974 nc
716 3911 757 3974 ab
785 3909 966 3975 inviolabili
989 3911 1185 3976 auetmitete
1208 3900 1451 3978 oodiotflffl

212 4038 348 4100 usquam
372 4016 547 4097 recedatur,
570 4014 844 4098 pronuntiandum
868 4015 977 4098 potius
996 4017 1094 4080 ‹lice‘re
1111 4017 1224 4083 (idaim
1249 3982 1448 4103 Quid?

212 4124 296 4207 quod
324 4124 365 4187 ab
394 4123 524 4187 heroico
552 4145 647 4186 versu
675 4122 815 4186 exordiri
842 4123 931 4186 visus
960 4145 1066 4187 rerum
1090 4123 1231 4206 scriptor
1253 4111 1436 4190 Μεθ’

212 4229 312 4292 festos
346 4228 489 4293 senarios
521 4229 630 4311 posuit
662 4228 845 4311 continuos,
877 4228 1034 4292 scaenicis
1058 4229 1253 4317 quibusdam
1275 4216 1427 4317 qua

110 4372 113 4377 -
210 4356 313 4418 nuper
334 4356 488 4418 procusos
513 4334 652 4399 vidimus
675 4334 762 4398 haud
786 4334 851 4399 ulle
874 4338 970 4417 pacto
994 4333 1159 4421 indignos:
