2888 5040
154 340 219 406 594
355 357 638 407 nnsnonrronvn
663 354 962 405 cnrvnnmnnnvu
986 354 1098 406 rems.

154 500 233 567 silv.
260 501 375 586 1V‚7,
402 503 442 566 14
473 504 528 567 nbi
559 502 633 567 Dite
659 503 723 567 riso
750 502 891 583 pallidus
920 501 1022 581 fossor
1051 502 1132 566 redit
1154 506 1288 582 νην(

152 609 290 674 concolor
307 629 395 685 acero,
419 609 468 673 vel
488 609 681 693 quicumque
700 608 786 671 inter
804 606 946 672 Graecos
971 610 1101 688 χλωρὸν
1119 608 1168 674 vel
1184 608 1288 706 ὠὴ

154 715 283 794 χρυςίον
297 737 370 780 cum
388 716 521 798 pavoris
536 717 669 780 notione
684 716 858 799 sociarunt,
876 717 1121 780 commemorati
1133 713 1288 800 Hemsst⁴

153 821 239 884 husii
267 821 302 884 in
325 821 502 886 Lucienum
527 822 737 887 adnotatione
761 822 824 886 vol.
847 821 863 885 Ι
886 845 917 906 p.
941 821 1007 887 503
1026 844 1074 906 sq.
1097 844 1188 905 quam
1210 822 1288 908 Em

153 950 289 992 mannus
311 928 476 992 indicavit.
508 927 600 992 Vnde
619 931 872 993 consentaneum
896 932 1024 993 estant
1042 951 1152 993 numm
1170 929 1288 1024 simpp:

153 1035 233 1098 citer
256 1037 314 1098 aut
341 1033 449 1113 ὠχρὸν
472 1034 523 1098 vel
548 1036 677 1113 χλωρὸν
700 1032 868 1099 Catullum
896 1056 1024 1119 quoque
1048 1034 1170 1100 dixisse.
1207 1041 1282 1119 Quid

153 1140 277 1204 multa?
310 1141 473 1224 subrepsit
504 1140 665 1205 familiare
696 1140 840 1205 librariis
873 1140 1067 1205 vocabulum
1098 1141 1131 1205 in
1160 1147 1271 1214 rarion'r

152 1247 259 1311 locum
288 1246 373 1329 quod
400 1246 462 1310 fuit
489 1246 651 1310 fulsere.
692 1245 777 1309 Nam
802 1247 834 1309 et
859 1245 982 1325 sitleam
1005 1266 1119 1309 onmem
1143 1250 1188 1310 cst
1213 1248 1263 1313 Ver·

152 1351 232 1435 gilio
256 1352 336 1416 Aen.
360 1350 437 1433 VII,
461 1352 525 1415 279
550 1356 584 1415 et
605 1353 760 1416 subtemen
779 1352 902 1432 festinem
925 1372 985 1434 pro
1010 1373 1107 1417 aureo
1129 1349 1257 1433 Silionl,

152 1458 208 1521 80:
241 1479 304 1541 quo
333 1456 482 1521 adderem
509 1457 720 1523 Prudentium
748 1462 863 1523 contra
889 1455 1011 1541 Symm.
1040 1456 1087 1541 Π,
1114 1457 1171 1522 837
1196 1458 1253 1538 repis

147 1570 299 1646 ponente
340 1564 500 1644 lunisano
537 1565 628 1644 serica
663 1564 798 1640 ordalio,
839 1564 903 1628 nisi
943 1563 1031 1629 hunc
1068 1565 1147 1644 fulta
1176 1564 1251 1646 potins

151 1670 318 1754 scripsisse
346 1670 555 1753 persuaderet
582 1668 696 1754 Statii,
723 1669 862 1760 A'vieni,
892 1668 1064 1734 Claudiani
1086 1666 1249 1752 comparatio,

151 1798 287 1860 quorum
320 1799 433 1840 versus
465 1776 551 1841 inter
583 1799 617 1840 se
650 1776 884 1840 contenderunt
916 1774 1100 1840 Gronovius
1124 1771 1249 1840 Diania

152 1880 232 1946 Stat.
261 1903 329 1966 cap.
353 1882 396 1946 55
423 1905 453 1966 p.
477 1883 540 1947 357
561 1905 608 1966 sq.
637 1887 670 1947 et
697 1881 894 1946 Schraderus
922 1883 1008 1965 apud
1038 1879 1247 1946 Wemsdorlium

150 1986 240 2052 Post
263 1988 319 2052 lat.
339 1988 415 2052 min.
433 1989 496 2053 vol.
516 1988 556 2071 V,
576 1990 596 2052 2
620 2012 650 2072 p.
669 1990 735 2054 976
754 2012 800 2073 sq.
839 1989 892 2073 At,
916 1988 1032 2073 inquit,
1052 1989 1149 2069 falsor
1166 2002 1246 2050 nomeu

150 2094 254 2159 lexico
271 2095 433 2178 ignorant.
459 2093 580 2159 Verum
600 2095 686 2159 enim
706 2117 781 2160 vero
801 2099 945 2160 veterum
964 2094 1073 2159 nullus
1091 2095 1246 2178 seripnmn

149 2203 186 2263 ut
214 2200 342 2282 quidem
370 2223 455 2266 nunc
482 2223 534 2265 res
561 2204 625 2284 est,
657 2222 808 2266 macaron
839 2202 922 2266 dixit
954 2205 1084 2283 praeter
1108 2196 1245 2272 Pacuuium

149 2300 256 2369 nirllus
283 2308 441 2388 piprorem
474 2312 604 2391 praeter
634 2307 807 2392 Lucilium,
838 2308 947 2372 nullus
980 2327 1131 2389 acprorem
1156 2304 1246 2389 practer

148 2411 349 2496 Lucretium,
376 2415 530 2496 niprorem
552 2415 661 2479 nullus
688 2418 819 2498 praeter
845 2415 905 2479 hos
927 2418 995 2478 tres
1018 2417 1052 2478 et
1079 2408 1245 2498 paucissimos

149 2518 246 2583 alios:
270 2518 392 2584 similia
415 2542 455 2583 ne
478 2542 563 2584 nunc
587 2520 793 2584 ambitiosius
812 2520 1032 2604 aequiramus.
1068 2517 1174 2596 Quodsi
1189 2513 1243 2577 laet

143 2626 269 2692 ‚existat
295 2626 350 2710 qui
378 2647 395 2689 e
424 2627 572 2711 cognatis
600 2627 708 2691 verbis
735 2632 864 2711 repetat
891 2648 1010 2692 moerere
1030 2629 1145 2710 piprerc
1160 2631 1245 2702 onst

147 2733 279 2813 nesrac,
311 2738 348 2796 ut
376 2755 393 2797 e
420 2733 520 2798 dolere
545 2754 679 2798 necem
709 2735 853 2816 lancem
879 2739 997 2815 torpere
1024 2722 1244 2815 pallescente

147 2839 243 2901 nitere
273 2838 428 2918 attendas
458 2860 560 2903 nome
586 2841 714 2907 stridere
746 2845 859 2904 masere
889 2841 997 2905 verbis
1036 2862 1074 2904 ea
1104 2825 1244 2922 quantuni

147 2944 233 3008 dolor
255 2965 376 3010 moeror
399 2945 529 3027 lonpaor
552 2950 656 3026 tepor.
672 2946 779 3027 pallor
796 2947 912 3010 condor
933 2948 1019 3010 nitor
1039 2945 1167 3027 splendor
1183 2948 1244 3001 *mli

147 3051 261 3115 stridor
284 3056 393 3128 tamor,
417 3050 522 3115 simile
542 3055 651 3114 autem
672 3052 789 3131 serlone
805 3052 939 3116 verbum
962 3051 1131 3116 desideret:
1151 3057 1243 3127 respon·

147 3157 286 3222 dendum
306 3158 369 3220 erit
385 3180 452 3222 non
471 3159 577 3243 magis
600 3181 639 3222 ex
662 3158 713 3222 his
738 3159 845 3223 verbis
867 3159 1003 3223 nomina
1027 3181 1121 3242 quam
1143 3140 1243 3219 euoffll·

146 3262 241 3326 nibus
271 3264 369 3326 verba
399 3263 502 3344 nasci,
535 3262 591 3327 sed
620 3285 637 3326 e
665 3264 826 3328 communi
855 3264 957 3346 stirpe
985 3268 1133 3347 unaque,
1157 3254 1244 3333 relique

147 3368 256 3432 omnia
277 3369 362 3434 forte
385 3372 419 3432 et
442 3368 602 3433 arbitratu
632 3371 763 3454 linguae
786 3371 870 3455 regi:
896 3392 956 3435 nec
984 3370 1090 3454 magis
1115 3369 1244 3432 amnem

146 3473 296 3539 Lucretio
315 3480 445 3541 auctore
465 3480 651 3559 susceptum
671 3499 691 3539 a
709 3466 855 3560 Vergilio
876 3498 974 3560 quam
998 3476 1127 3540 laborm
1143 3473 1243 3536 lesem

146 3580 266 3644 odmen
293 3582 332 3646 ad
362 3583 495 3647 verbum
523 3582 626 3646 ullum
654 3582 779 3646 referri:
813 3604 910 3666 porro
938 3604 1005 3648 non
1033 3579 1189 3658 secundae,
1208 3559 1244 3630 Μ

145 3686 196 3750 vel
224 3689 348 3771 primae
372 3687 422 3752 vel
446 3688 561 3751 tertiae
590 3688 815 3753 declinationis
839 3689 939 3753 verba
962 3712 1033 3755 esse
1056 3707 1156 3752 amore
1171 3687 1245 3748 esum

143 3794 247 3874 farere
264 3795 413 3876 plonperc
434 3795 598 3858 dulcescere
618 3796 793 3878 [reposcere
817 3794 934 3878 quibus
954 3799 1094 3880 cognata
1111 3795 1169 3857 sint
1185 3794 1245 3851 ortt

144 3920 239 3964 conor
263 3900 355 3980 furor
377 3901 512 3982 plonpor
538 3902 645 3965 drilcor
668 3901 818 3966 etunius
843 3901 992 3984 exemplo
1015 3901 1152 3967 Lucretii
1170 3881 1245 3976 coffssl·

144 4011 213 4070 tum
240 4006 361 4088 sropor:
393 4010 557 4090 postremo
584 4030 651 4073 non
679 4010 784 4073 minus
812 4011 919 4074 dedccr
945 4009 1049 4074 rideri
1077 4030 1166 4094 quam
1188 3996 1246 4067 <llll

144 4113 184 4176 ad
208 4113 406 4194 posteriores
430 4114 605 4196 scriptores
629 4137 646 4178 e
670 4115 847 4179 vetustiore
877 4115 1041 4179 latinitate
1064 4132 1198 4180 manasse
1217 4107 1247 4166 Β·

143 4219 222 4282 lium
249 4217 428 4283 formarum
456 4221 689 4285 amantissima.
715 4259 754 4266 -
784 4220 875 4285 Nihil
904 4221 1007 4305 igitur
1034 4222 1072 4285 de
1101 4216 1249 4285 catullum

143 4348 238 4389 versu
266 4326 331 4389 iam
354 4330 480 4391 restare
507 4327 722 4393 dubitationis
747 4328 873 4391 videtur
895 4327 959 4391 nisi
987 4333 1025 4392 ut
1051 4329 1092 4392 ab
1119 4325 1203 4390 initio
1219 4337 1252 4383 η’

142 4432 265 4496 tionem
280 4430 399 4495 habere
412 4438 527 4513 quiante
545 4434 739 4515 particulam
754 4455 919 4518 negemus,
942 4432 1047 4509 Quam
1059 4455 1123 4499 non
1136 4445 1256 4496 veremur
