<?xml version="1.0" encoding="UTF-8"?>
<!DOCTYPE html PUBLIC "-//W3C//DTD XHTML 1.0 Transitional//EN"
    "http://www.w3.org/TR/xhtml1/DTD/xhtml1-transitional.dtd">
<html xmlns="http://www.w3.org/1999/xhtml" xml:lang="en" lang="en">
 <head>
  <title>
</title>
<meta http-equiv="Content-Type" content="text/html;charset=utf-8" />
  <meta name='ocr-system' content='tesseract 3.04.00' />
  <meta name='ocr-capabilities' content='ocr_page ocr_carea ocr_par ocr_line ocrx_word'/>
</head>
<body>
  <div class='ocr_page' id='page_1' title='image "./fridericiritsch01wachgoog_0587.png"; bbox 0 0 2924 5046; ppageno 0'>
   <div class='ocr_carea' id='block_1_1' title="bbox 384 367 1191 433">
    <p class='ocr_par' dir='ltr' id='par_1_1' title="bbox 384 367 1191 433">
     <span class='ocr_line' id='line_1_1' title="bbox 384 367 1191 433; baseline -0.002 -1"><span class='ocrx_word' id='word_1_1' title='bbox 384 385 462 433; x_wconf 83' lang='lat' dir='ltr'>srvn</span> <span class='ocrx_word' id='word_1_2' title='bbox 484 385 729 432; x_wconf 73' lang='lat' dir='ltr'>nnnnonrnvn</span> <span class='ocrx_word' id='word_1_3' title='bbox 752 386 856 432; x_wconf 79' lang='lat' dir='ltr'>araur.</span> <span class='ocrx_word' id='word_1_4' title='bbox 1127 367 1191 431; x_wconf 79' lang='lat'>559</span> 
     </span>
    </p>
   </div>
   <div class='ocr_carea' id='block_1_2' title="bbox 113 525 1328 4523">
    <p class='ocr_par' dir='ltr' id='par_1_2' title="bbox 113 525 1328 4214">
     <span class='ocr_line' id='line_1_2' title="bbox 114 525 1193 612; baseline -0.003 -20"><span class='ocrx_word' id='word_1_5' title='bbox 114 525 265 592; x_wconf 68' lang='lat' dir='ltr'>iiceronis</span> <span class='ocrx_word' id='word_1_6' title='bbox 289 528 488 612; x_wconf 83' lang='lat' dir='ltr'>imaginibus</span> <span class='ocrx_word' id='word_1_7' title='bbox 508 528 645 592; x_wconf 82' lang='lat' dir='ltr'>servatis</span> <span class='ocrx_word' id='word_1_8' title='bbox 670 533 763 592; x_wconf 87' lang='lat' dir='ltr'>tanta</span> <span class='ocrx_word' id='word_1_9' title='bbox 785 531 954 610; x_wconf 89' lang='lat' dir='ltr'>praeterea</span> <span class='ocrx_word' id='word_1_10' title='bbox 972 525 1193 591; x_wconf 86' lang='lat' dir='ltr'>Romanorum</span> 
     </span>
     <span class='ocr_line' id='line_1_3' title="bbox 114 634 1192 719; baseline -0.002 -22"><span class='ocrx_word' id='word_1_11' title='bbox 114 634 143 697; x_wconf 90' lang='lat' dir='ltr'>ia</span> <span class='ocrx_word' id='word_1_12' title='bbox 167 638 334 698; x_wconf 90' lang='lat' dir='ltr'>oratorum</span> <span class='ocrx_word' id='word_1_13' title='bbox 358 640 391 698; x_wconf 90' lang='lat' dir='ltr'>et</span> <span class='ocrx_word' id='word_1_14' title='bbox 413 640 582 719; x_wconf 78' lang='lat' dir='ltr'>tamquam</span> <span class='ocrx_word' id='word_1_15' title='bbox 606 635 772 698; x_wconf 85' lang='lat' dir='ltr'>affluentia</span> <span class='ocrx_word' id='word_1_16' title='bbox 795 634 998 717; x_wconf 75' lang='lat' dir='ltr'>suppetebat,</span> <span class='ocrx_word' id='word_1_17' title='bbox 1021 638 1071 714; x_wconf 88' lang='lat' dir='ltr'>ut,</span> <span class='ocrx_word' id='word_1_18' title='bbox 1095 654 1192 715; x_wconf 90' lang='lat' dir='ltr'>quam</span> 
     </span>
     <span class='ocr_line' id='line_1_4' title="bbox 114 739 1192 825; baseline 0 -23"><span class='ocrx_word' id='word_1_19' title='bbox 114 739 181 803; x_wconf 69' lang='lat' dir='ltr'>¹teile</span> <span class='ocrx_word' id='word_1_20' title='bbox 209 745 296 803; x_wconf 86' lang='lat' dir='ltr'>esset</span> <span class='ocrx_word' id='word_1_21' title='bbox 328 741 531 825; x_wconf 91' lang='lat' dir='ltr'>philosophis</span> <span class='ocrx_word' id='word_1_22' title='bbox 560 742 719 805; x_wconf 87' lang='lat' dir='ltr'>Romanis</span> <span class='ocrx_word' id='word_1_23' title='bbox 748 741 797 803; x_wconf 88' lang='lat' dir='ltr'>vel</span> <span class='ocrx_word' id='word_1_24' title='bbox 826 761 923 803; x_wconf 88' lang='lat' dir='ltr'>unam</span> <span class='ocrx_word' id='word_1_25' title='bbox 955 739 1192 803; x_wconf 84' lang='lat' dir='ltr'>hebdomadam</span> 
     </span>
     <span class='ocr_line' id='line_1_5' title="bbox 115 844 1192 930; baseline 0 -22"><span class='ocrx_word' id='word_1_26' title='bbox 115 847 197 910; x_wconf 90' lang='lat' dir='ltr'>rcire</span> <span class='ocrx_word' id='word_1_27' title='bbox 227 844 304 930; x_wconf 86' lang='lat' dir='ltr'>(nisi</span> <span class='ocrx_word' id='word_1_28' title='bbox 338 846 422 911; x_wconf 89' lang='lat' dir='ltr'>forte</span> <span class='ocrx_word' id='word_1_29' title='bbox 455 847 517 912; x_wconf 91' lang='lat' dir='ltr'>huc</span> <span class='ocrx_word' id='word_1_30' title='bbox 546 848 640 912; x_wconf 88' lang='lat' dir='ltr'>asciti</span> <span class='ocrx_word' id='word_1_31' title='bbox 669 847 816 910; x_wconf 89' lang='lat' dir='ltr'>rhetores</span> <span class='ocrx_word' id='word_1_32' title='bbox 846 846 965 929; x_wconf 87' lang='lat' dir='ltr'>erant),</span> <span class='ocrx_word' id='word_1_33' title='bbox 997 851 1065 909; x_wconf 89' lang='lat' dir='ltr'>tam</span> <span class='ocrx_word' id='word_1_34' title='bbox 1097 845 1192 909; x_wconf 88' lang='lat' dir='ltr'>facile</span> 
     </span>
     <span class='ocr_line' id='line_1_6' title="bbox 142 951 1192 1037; baseline 0.001 -23"><span class='ocrx_word' id='word_1_35' title='bbox 142 951 238 1034; x_wconf 90' lang='lat' dir='ltr'>duae,</span> <span class='ocrx_word' id='word_1_36' title='bbox 271 951 328 1014; x_wconf 87' lang='lat' dir='ltr'>sed</span> <span class='ocrx_word' id='word_1_37' title='bbox 357 956 422 1016; x_wconf 89' lang='lat' dir='ltr'>tres</span> <span class='ocrx_word' id='word_1_38' title='bbox 451 954 484 1018; x_wconf 92' lang='lat' dir='ltr'>in</span> <span class='ocrx_word' id='word_1_39' title='bbox 513 955 699 1037; x_wconf 79' lang='lat' dir='ltr'>eloquentia</span> <span class='ocrx_word' id='word_1_40' title='bbox 727 952 944 1017; x_wconf 88' lang='lat' dir='ltr'>hebdomades</span> <span class='ocrx_word' id='word_1_41' title='bbox 972 952 1192 1016; x_wconf 84' lang='lat' dir='ltr'>Romanarum</span> 
     </span>
     <span class='ocr_line' id='line_1_7' title="bbox 114 1058 1192 1143; baseline 0.002 -23"><span class='ocrx_word' id='word_1_42' title='bbox 114 1058 228 1141; x_wconf 88' lang='lat' dir='ltr'>ginum</span> <span class='ocrx_word' id='word_1_43' title='bbox 269 1058 443 1141; x_wconf 90' lang='lat' dir='ltr'>prodirent.</span> <span class='ocrx_word' id='word_1_44' title='bbox 502 1059 530 1123; x_wconf 88' lang='grc' dir='ltr'>Ε</span> <span class='ocrx_word' id='word_1_45' title='bbox 572 1060 688 1143; x_wconf 91' lang='lat' dir='ltr'>quibus</span> <span class='ocrx_word' id='word_1_46' title='bbox 731 1082 829 1122; x_wconf 87' lang='lat' dir='ltr'>unam</span> <span class='ocrx_word' id='word_1_47' title='bbox 871 1059 1014 1123; x_wconf 83' lang='lat' dir='ltr'>servavit</span> <span class='ocrx_word' id='word_1_48' title='bbox 1054 1059 1192 1122; x_wconf 87' lang='lat' dir='ltr'>fortasse</span> 
     </span>
     <span class='ocr_line' id='line_1_8' title="bbox 113 1163 1192 1250; baseline 0 -23"><span class='ocrx_word' id='word_1_49' title='bbox 113 1164 301 1247; x_wconf 85' lang='lat' dir='ltr'>nctilianus,</span> <span class='ocrx_word' id='word_1_50' title='bbox 325 1165 410 1246; x_wconf 90' lang='lat' dir='ltr'>apud</span> <span class='ocrx_word' id='word_1_51' title='bbox 435 1188 529 1250; x_wconf 91' lang='lat' dir='ltr'>quem</span> <span class='ocrx_word' id='word_1_52' title='bbox 551 1166 716 1247; x_wconf 84' lang='lat' dir='ltr'>excipiunt</span> <span class='ocrx_word' id='word_1_53' title='bbox 736 1163 924 1230; x_wconf 82' lang='lat' dir='ltr'>Ciceronem</span> <span class='ocrx_word' id='word_1_54' title='bbox 948 1165 1021 1228; x_wconf 88' lang='lat' dir='ltr'>inde</span> <span class='ocrx_word' id='word_1_55' title='bbox 1046 1188 1065 1227; x_wconf 87' lang='lat' dir='ltr'>a</span> <span class='ocrx_word' id='word_1_56' title='bbox 1088 1168 1107 1243; x_wconf 64' lang='grc' dir='ltr'>ξ</span> <span class='ocrx_word' id='word_1_57' title='bbox 1130 1165 1192 1228; x_wconf 88' lang='grc'>113</span> 
     </span>
     <span class='ocr_line' id='line_1_9' title="bbox 114 1269 1192 1353; baseline -0.001 -19"><span class='ocrx_word' id='word_1_58' title='bbox 114 1271 181 1334; x_wconf 85' lang='lat' dir='ltr'>nius</span> <span class='ocrx_word' id='word_1_59' title='bbox 204 1270 321 1353; x_wconf 90' lang='lat' dir='ltr'>Polli0,</span> <span class='ocrx_word' id='word_1_60' title='bbox 343 1270 507 1353; x_wconf 82' lang='lat' dir='ltr'>Messalla,</span> <span class='ocrx_word' id='word_1_61' title='bbox 531 1270 564 1336; x_wconf 80' lang='lat' dir='ltr'>C.</span> <span class='ocrx_word' id='word_1_62' title='bbox 588 1271 716 1353; x_wconf 81' lang='lat' dir='ltr'>Caesar,</span> <span class='ocrx_word' id='word_1_63' title='bbox 741 1271 879 1353; x_wconf 82' lang='lat' dir='ltr'>Caeliae,</span> <span class='ocrx_word' id='word_1_64' title='bbox 906 1269 1038 1353; x_wconf 84' lang='lat' dir='ltr'>Calvus,</span> <span class='ocrx_word' id='word_1_65' title='bbox 1063 1269 1192 1334; x_wconf 81' lang='lat' dir='ltr'>Servius</span> 
     </span>
     <span class='ocr_line' id='line_1_10' title="bbox 114 1375 1193 1470; baseline -0.001 -30"><span class='ocrx_word' id='word_1_66' title='bbox 114 1377 227 1461; x_wconf 89' lang='lat' dir='ltr'>picins,</span> <span class='ocrx_word' id='word_1_67' title='bbox 255 1375 386 1441; x_wconf 82' lang='lat' dir='ltr'>Cassius</span> <span class='ocrx_word' id='word_1_68' title='bbox 410 1376 559 1441; x_wconf 86' lang='lat' dir='ltr'>Severus:</span> <span class='ocrx_word' id='word_1_69' title='bbox 587 1378 651 1441; x_wconf 91' lang='lat' dir='ltr'>nisi</span> <span class='ocrx_word' id='word_1_70' title='bbox 679 1379 762 1470; x_wconf 88' lang='lat' dir='ltr'>quod</span> <span class='ocrx_word' id='word_1_71' title='bbox 792 1401 850 1461; x_wconf 93' lang='lat' dir='ltr'>pro</span> <span class='ocrx_word' id='word_1_72' title='bbox 880 1376 913 1442; x_wconf 85' lang='lat' dir='ltr'>C.</span> <span class='ocrx_word' id='word_1_73' title='bbox 938 1376 1089 1460; x_wconf 84' lang='lat' dir='ltr'>Caesare,</span> <span class='ocrx_word' id='word_1_74' title='bbox 1117 1377 1193 1439; x_wconf 91' lang='lat' dir='ltr'>huic</span> 
     </span>
     <span class='ocr_line' id='line_1_11' title="bbox 114 1484 1192 1568; baseline -0.002 -21"><span class='ocrx_word' id='word_1_75' title='bbox 114 1486 185 1548; x_wconf 88' lang='lat' dir='ltr'>&#39;orte</span> <span class='ocrx_word' id='word_1_76' title='bbox 210 1506 286 1549; x_wconf 89' lang='lat' dir='ltr'>suns</span> <span class='ocrx_word' id='word_1_77' title='bbox 310 1484 389 1547; x_wconf 90' lang='lat' dir='ltr'>alibi</span> <span class='ocrx_word' id='word_1_78' title='bbox 413 1485 506 1548; x_wconf 72' lang='lat' dir='ltr'>locud</span> <span class='ocrx_word' id='word_1_79' title='bbox 526 1507 696 1549; x_wconf 89' lang='lat' dir='ltr'>concessus</span> <span class='ocrx_word' id='word_1_80' title='bbox 720 1485 796 1568; x_wconf 84' lang='lat' dir='ltr'>fuit,</span> <span class='ocrx_word' id='word_1_81' title='bbox 822 1486 910 1549; x_wconf 90' lang='lat' dir='ltr'>nullo</span> <span class='ocrx_word' id='word_1_82' title='bbox 933 1485 1067 1567; x_wconf 87' lang='lat' dir='ltr'>negotio</span> <span class='ocrx_word' id='word_1_83' title='bbox 1091 1484 1192 1548; x_wconf 90' lang='lat' dir='ltr'>alium</span> 
     </span>
     <span class='ocr_line' id='line_1_12' title="bbox 114 1590 1229 1674; baseline -0.003 -19"><span class='ocrx_word' id='word_1_84' title='bbox 114 1591 227 1655; x_wconf 89' lang='lat' dir='ltr'>mlibet</span> <span class='ocrx_word' id='word_1_85' title='bbox 264 1614 281 1654; x_wconf 93' lang='lat' dir='ltr'>e</span> <span class='ocrx_word' id='word_1_86' title='bbox 319 1590 481 1655; x_wconf 88' lang='lat' dir='ltr'>Tullianis</span> <span class='ocrx_word' id='word_1_87' title='bbox 518 1593 550 1655; x_wconf 90' lang='lat' dir='ltr'>in</span> <span class='ocrx_word' id='word_1_88' title='bbox 587 1591 690 1654; x_wconf 89' lang='lat' dir='ltr'>Bruto</span> <span class='ocrx_word' id='word_1_89' title='bbox 729 1592 829 1674; x_wconf 88' lang='lat' dir='ltr'>copiis</span> <span class='ocrx_word' id='word_1_90' title='bbox 866 1613 1018 1655; x_wconf 84' lang='lat' dir='ltr'>arcessas.</span> <span class='ocrx_word' id='word_1_91' title='bbox 1064 1590 1193 1665; x_wconf 83' lang='lat' dir='ltr'>Quanta</span> <span class='ocrx_word' id='word_1_92' title='bbox 1226 1600 1229 1606; x_wconf 84' lang='lat'>&#39;</span> 
     </span>
     <span class='ocr_line' id='line_1_13' title="bbox 114 1695 1193 1780; baseline -0.002 -20"><span class='ocrx_word' id='word_1_93' title='bbox 114 1719 157 1760; x_wconf 79' lang='lat' dir='ltr'>em</span> <span class='ocrx_word' id='word_1_94' title='bbox 193 1697 227 1761; x_wconf 90' lang='lat' dir='ltr'>in</span> <span class='ocrx_word' id='word_1_95' title='bbox 259 1695 387 1760; x_wconf 89' lang='lat' dir='ltr'>Latinis</span> <span class='ocrx_word' id='word_1_96' title='bbox 425 1696 540 1761; x_wconf 87' lang='lat' dir='ltr'>litteris</span> <span class='ocrx_word' id='word_1_97' title='bbox 578 1703 757 1778; x_wconf 86' lang='lat' dir='ltr'>oratorum,</span> <span class='ocrx_word' id='word_1_98' title='bbox 794 1703 888 1761; x_wconf 87' lang='lat' dir='ltr'>tanta</span> <span class='ocrx_word' id='word_1_99' title='bbox 925 1697 1193 1780; x_wconf 89' lang='lat' dir='ltr'>philosophorum</span> 
     </span>
     <span class='ocr_line' id='line_1_14' title="bbox 114 1802 1193 1884; baseline -0.002 -18"><span class='ocrx_word' id='word_1_100' title='bbox 114 1803 254 1867; x_wconf 88' lang='lat' dir='ltr'>issimum</span> <span class='ocrx_word' id='word_1_101' title='bbox 279 1804 312 1866; x_wconf 91' lang='lat' dir='ltr'>in</span> <span class='ocrx_word' id='word_1_102' title='bbox 337 1802 470 1868; x_wconf 84' lang='lat' dir='ltr'>Graecis</span> <span class='ocrx_word' id='word_1_103' title='bbox 494 1803 696 1867; x_wconf 90' lang='lat' dir='ltr'>abundantia</span> <span class='ocrx_word' id='word_1_104' title='bbox 719 1803 792 1866; x_wconf 87' lang='lat' dir='ltr'>fuit:</span> <span class='ocrx_word' id='word_1_105' title='bbox 822 1825 860 1867; x_wconf 87' lang='lat' dir='ltr'>ex</span> <span class='ocrx_word' id='word_1_106' title='bbox 889 1803 940 1866; x_wconf 92' lang='lat' dir='ltr'>his</span> <span class='ocrx_word' id='word_1_107' title='bbox 965 1802 1100 1865; x_wconf 87' lang='lat' dir='ltr'>utitem</span> <span class='ocrx_word' id='word_1_108' title='bbox 1124 1823 1193 1884; x_wconf 91' lang='lat' dir='ltr'>per-</span> 
     </span>
     <span class='ocr_line' id='line_1_15' title="bbox 114 1908 1194 1997; baseline -0.002 -25"><span class='ocrx_word' id='word_1_109' title='bbox 114 1910 215 1974; x_wconf 85' lang='lat' dir='ltr'>rmode</span> <span class='ocrx_word' id='word_1_110' title='bbox 234 1932 298 1973; x_wconf 92' lang='lat' dir='ltr'>non</span> <span class='ocrx_word' id='word_1_111' title='bbox 320 1909 401 1973; x_wconf 90' lang='lat' dir='ltr'>duae</span> <span class='ocrx_word' id='word_1_112' title='bbox 420 1913 558 1990; x_wconf 88' lang='lat' dir='ltr'>tantum,</span> <span class='ocrx_word' id='word_1_113' title='bbox 582 1909 636 1972; x_wconf 90' lang='lat' dir='ltr'>sed</span> <span class='ocrx_word' id='word_1_114' title='bbox 659 1916 725 1973; x_wconf 89' lang='lat' dir='ltr'>tres</span> <span class='ocrx_word' id='word_1_115' title='bbox 744 1908 961 1997; x_wconf 81' lang='lat' dir='ltr'>hebdomades</span> <span class='ocrx_word' id='word_1_116' title='bbox 980 1909 1102 1990; x_wconf 87' lang='lat' dir='ltr'>fierent,</span> <span class='ocrx_word' id='word_1_117' title='bbox 1125 1908 1194 1970; x_wconf 87' lang='lat' dir='ltr'>sive</span> 
     </span>
     <span class='ocr_line' id='line_1_16' title="bbox 114 2012 1194 2099; baseline -0.001 -22"><span class='ocrx_word' id='word_1_118' title='bbox 114 2038 120 2076; x_wconf 82' lang='grc' dir='ltr'>ι</span> <span class='ocrx_word' id='word_1_119' title='bbox 150 2015 254 2079; x_wconf 89' lang='lat' dir='ltr'>Varro</span> <span class='ocrx_word' id='word_1_120' title='bbox 288 2019 411 2079; x_wconf 87' lang='lat' dir='ltr'>aetates</span> <span class='ocrx_word' id='word_1_121' title='bbox 444 2015 680 2099; x_wconf 79' lang='lat' dir='ltr'>distinguebat,</span> <span class='ocrx_word' id='word_1_122' title='bbox 714 2016 781 2078; x_wconf 83' lang='lat' dir='ltr'>sive</span> <span class='ocrx_word' id='word_1_123' title='bbox 814 2017 976 2078; x_wconf 87' lang='lat' dir='ltr'>sectarum</span> <span class='ocrx_word' id='word_1_124' title='bbox 1009 2012 1194 2077; x_wconf 88' lang='lat' dir='ltr'>discrimina</span> 
     </span>
     <span class='ocr_line' id='line_1_17' title="bbox 114 2119 1193 2205; baseline -0.001 -22"><span class='ocrx_word' id='word_1_125' title='bbox 114 2122 258 2198; x_wconf 87' lang='lat' dir='ltr'>uebatur,</span> <span class='ocrx_word' id='word_1_126' title='bbox 282 2123 349 2185; x_wconf 85' lang='lat' dir='ltr'>sive</span> <span class='ocrx_word' id='word_1_127' title='bbox 373 2143 390 2184; x_wconf 91' lang='lat' dir='ltr'>e</span> <span class='ocrx_word' id='word_1_128' title='bbox 413 2120 581 2204; x_wconf 81' lang='lat' dir='ltr'>dignitatis</span> <span class='ocrx_word' id='word_1_129' title='bbox 605 2121 831 2184; x_wconf 86' lang='lat' dir='ltr'>aestimatione</span> <span class='ocrx_word' id='word_1_130' title='bbox 851 2119 940 2205; x_wconf 87' lang='lat' dir='ltr'>(narn</span> <span class='ocrx_word' id='word_1_131' title='bbox 966 2120 1044 2183; x_wconf 91' lang='lat' dir='ltr'>haec</span> <span class='ocrx_word' id='word_1_132' title='bbox 1068 2140 1193 2204; x_wconf 91' lang='lat' dir='ltr'>quoque</span> 
     </span>
     <span class='ocr_line' id='line_1_18' title="bbox 114 2226 1192 2311; baseline -0.002 -21"><span class='ocrx_word' id='word_1_133' title='bbox 114 2227 188 2290; x_wconf 88' lang='lat' dir='ltr'>ratio</span> <span class='ocrx_word' id='word_1_134' title='bbox 217 2226 389 2311; x_wconf 89' lang='lat' dir='ltr'>aliquando</span> <span class='ocrx_word' id='word_1_135' title='bbox 419 2229 545 2311; x_wconf 87' lang='lat' dir='ltr'>placere</span> <span class='ocrx_word' id='word_1_136' title='bbox 573 2226 693 2309; x_wconf 89' lang='lat' dir='ltr'>potuit)</span> <span class='ocrx_word' id='word_1_137' title='bbox 722 2227 883 2309; x_wconf 83' lang='lat' dir='ltr'>triplicem</span> <span class='ocrx_word' id='word_1_138' title='bbox 908 2226 1053 2290; x_wconf 91' lang='lat' dir='ltr'>ordinem</span> <span class='ocrx_word' id='word_1_139' title='bbox 1077 2226 1192 2290; x_wconf 89' lang='lat' dir='ltr'>consti·</span> 
     </span>
     <span class='ocr_line' id='line_1_19' title="bbox 114 2331 1193 2416; baseline 0.001 -22"><span class='ocrx_word' id='word_1_140' title='bbox 114 2331 174 2397; x_wconf 84' lang='lat' dir='ltr'>bat</span> <span class='ocrx_word' id='word_1_141' title='bbox 215 2331 325 2396; x_wconf 82' lang='lat' dir='ltr'>Aede</span> <span class='ocrx_word' id='word_1_142' title='bbox 350 2332 483 2397; x_wconf 87' lang='lat' dir='ltr'>Graecis</span> <span class='ocrx_word' id='word_1_143' title='bbox 509 2333 638 2416; x_wconf 88' lang='lat' dir='ltr'>quidem</span> <span class='ocrx_word' id='word_1_144' title='bbox 662 2354 734 2396; x_wconf 90' lang='lat' dir='ltr'>cum</span> <span class='ocrx_word' id='word_1_145' title='bbox 758 2333 889 2397; x_wconf 90' lang='lat' dir='ltr'>omnino</span> <span class='ocrx_word' id='word_1_146' title='bbox 913 2354 977 2397; x_wconf 92' lang='lat' dir='ltr'>non</span> <span class='ocrx_word' id='word_1_147' title='bbox 1001 2332 1193 2415; x_wconf 89' lang='lat' dir='ltr'>laboremus,</span> 
     </span>
     <span class='ocr_line' id='line_1_20' title="bbox 114 2435 1328 2524; baseline -0.002 -22"><span class='ocrx_word' id='word_1_148' title='bbox 114 2437 165 2502; x_wconf 86' lang='lat' dir='ltr'>bus</span> <span class='ocrx_word' id='word_1_149' title='bbox 193 2439 259 2502; x_wconf 82' lang='lat' dir='ltr'>fere</span> <span class='ocrx_word' id='word_1_150' title='bbox 288 2438 393 2502; x_wconf 90' lang='lat' dir='ltr'>modis</span> <span class='ocrx_word' id='word_1_151' title='bbox 421 2435 564 2524; x_wconf 90' lang='lat' dir='ltr'>(quando</span> <span class='ocrx_word' id='word_1_152' title='bbox 593 2460 658 2502; x_wconf 93' lang='lat' dir='ltr'>non</span> <span class='ocrx_word' id='word_1_153' title='bbox 688 2461 769 2501; x_wconf 91' lang='lat' dir='ltr'>unus</span> <span class='ocrx_word' id='word_1_154' title='bbox 798 2435 956 2522; x_wconf 82' lang='lat' dir='ltr'>suppetit)</span> <span class='ocrx_word' id='word_1_155' title='bbox 985 2460 1042 2521; x_wconf 85' lang='lat' dir='ltr'>per</span> <span class='ocrx_word' id='word_1_156' title='bbox 1069 2443 1193 2520; x_wconf 87' lang='lat' dir='ltr'>septem</span> <span class='ocrx_word' id='word_1_157' title='bbox 1321 2452 1328 2463; x_wconf 87' lang='grc'><strong>’</strong></span> 
     </span>
     <span class='ocr_line' id='line_1_21' title="bbox 114 2543 1195 2628; baseline 0.002 -22"><span class='ocrx_word' id='word_1_158' title='bbox 114 2543 268 2609; x_wconf 87' lang='lat' dir='ltr'>domadas</span> <span class='ocrx_word' id='word_1_159' title='bbox 292 2545 483 2609; x_wconf 88' lang='lat' dir='ltr'>distributos</span> <span class='ocrx_word' id='word_1_160' title='bbox 507 2546 681 2628; x_wconf 88' lang='lat' dir='ltr'>scriptores</span> <span class='ocrx_word' id='word_1_161' title='bbox 702 2545 802 2608; x_wconf 89' lang='lat' dir='ltr'>menti</span> <span class='ocrx_word' id='word_1_162' title='bbox 821 2549 951 2608; x_wconf 88' lang='lat' dir='ltr'>nostrae</span> <span class='ocrx_word' id='word_1_163' title='bbox 974 2543 1195 2627; x_wconf 74' lang='lat' dir='ltr'>informemus,</span> 
     </span>
     <span class='ocr_line' id='line_1_22' title="bbox 114 2647 1192 2737; baseline 0 -24"><span class='ocrx_word' id='word_1_164' title='bbox 114 2647 270 2714; x_wconf 88' lang='lat' dir='ltr'>Romanis</span> <span class='ocrx_word' id='word_1_165' title='bbox 293 2673 334 2714; x_wconf 89' lang='lat' dir='ltr'>ne</span> <span class='ocrx_word' id='word_1_166' title='bbox 359 2650 433 2735; x_wconf 92' lang='lat' dir='ltr'>quid</span> <span class='ocrx_word' id='word_1_167' title='bbox 458 2649 616 2715; x_wconf 89' lang='lat' dir='ltr'>hariolari</span> <span class='ocrx_word' id='word_1_168' title='bbox 641 2652 806 2714; x_wconf 85' lang='lat' dir='ltr'>videamur</span> <span class='ocrx_word' id='word_1_169' title='bbox 828 2655 958 2737; x_wconf 85' lang='lat' dir='ltr'>praeter</span> <span class='ocrx_word' id='word_1_170' title='bbox 981 2650 1013 2713; x_wconf 92' lang='lat' dir='ltr'>id</span> <span class='ocrx_word' id='word_1_171' title='bbox 1038 2650 1122 2733; x_wconf 87' lang='lat' dir='ltr'>quod</span> <span class='ocrx_word' id='word_1_172' title='bbox 1142 2673 1192 2714; x_wconf 88' lang='lat' dir='ltr'>res</span> 
     </span>
     <span class='ocr_line' id='line_1_23' title="bbox 114 2756 1192 2840; baseline 0 -20"><span class='ocrx_word' id='word_1_173' title='bbox 114 2757 191 2839; x_wconf 62' lang='lat' dir='ltr'>diat,</span> <span class='ocrx_word' id='word_1_174' title='bbox 220 2759 300 2820; x_wconf 86' lang='lat' dir='ltr'>satis</span> <span class='ocrx_word' id='word_1_175' title='bbox 328 2757 449 2821; x_wconf 89' lang='lat' dir='ltr'>dictum</span> <span class='ocrx_word' id='word_1_176' title='bbox 477 2757 539 2822; x_wconf 88' lang='lat' dir='ltr'>hoc</span> <span class='ocrx_word' id='word_1_177' title='bbox 567 2764 649 2840; x_wconf 86' lang='lat' dir='ltr'>esto,</span> <span class='ocrx_word' id='word_1_178' title='bbox 683 2763 749 2822; x_wconf 88' lang='lat' dir='ltr'>tres</span> <span class='ocrx_word' id='word_1_179' title='bbox 777 2756 997 2820; x_wconf 88' lang='lat' dir='ltr'>hebdomadas</span> <span class='ocrx_word' id='word_1_180' title='bbox 1027 2762 1192 2820; x_wconf 87' lang='lat' dir='ltr'>oratorum</span> 
     </span>
     <span class='ocr_line' id='line_1_24' title="bbox 114 2860 1192 2947; baseline 0.002 -23"><span class='ocrx_word' id='word_1_181' title='bbox 114 2860 153 2946; x_wconf 88' lang='lat' dir='ltr'>ipi</span> <span class='ocrx_word' id='word_1_182' title='bbox 181 2864 223 2927; x_wconf 86' lang='lat' dir='ltr'>ab</span> <span class='ocrx_word' id='word_1_183' title='bbox 251 2863 481 2929; x_wconf 87' lang='lat' dir='ltr'>historicorum</span> <span class='ocrx_word' id='word_1_184' title='bbox 510 2864 633 2928; x_wconf 88' lang='lat' dir='ltr'>duabus</span> <span class='ocrx_word' id='word_1_185' title='bbox 662 2863 820 2947; x_wconf 88' lang='lat' dir='ltr'>potuisse,</span> <span class='ocrx_word' id='word_1_186' title='bbox 848 2862 900 2925; x_wconf 87' lang='lat' dir='ltr'>his</span> <span class='ocrx_word' id='word_1_187' title='bbox 923 2862 1192 2945; x_wconf 89' lang='lat' dir='ltr'>philosophorum</span> 
     </span>
     <span class='ocr_line' id='line_1_25' title="bbox 114 2967 1194 3053; baseline 0.001 -22"><span class='ocrx_word' id='word_1_188' title='bbox 114 2990 147 3031; x_wconf 91' lang='lat' dir='ltr'>m</span> <span class='ocrx_word' id='word_1_189' title='bbox 171 2969 337 3053; x_wconf 87' lang='lat' dir='ltr'>subiungi,</span> <span class='ocrx_word' id='word_1_190' title='bbox 362 2969 467 3032; x_wconf 90' lang='lat' dir='ltr'>desini</span> <span class='ocrx_word' id='word_1_191' title='bbox 489 2969 523 3033; x_wconf 89' lang='lat' dir='ltr'>in</span> <span class='ocrx_word' id='word_1_192' title='bbox 546 2992 611 3033; x_wconf 91' lang='lat' dir='ltr'>una</span> <span class='ocrx_word' id='word_1_193' title='bbox 634 2968 835 3033; x_wconf 88' lang='lat' dir='ltr'>hebdomade</span> <span class='ocrx_word' id='word_1_194' title='bbox 859 2967 1013 3032; x_wconf 88' lang='lat' dir='ltr'>miscella.</span> <span class='ocrx_word' id='word_1_195' title='bbox 1043 3006 1084 3013; x_wconf 86' lang='lat'>—-</span> <span class='ocrx_word' id='word_1_196' title='bbox 1118 2969 1194 3033; x_wconf 91' lang='lat' dir='ltr'>Pos-</span> 
     </span>
     <span class='ocr_line' id='line_1_26' title="bbox 114 3074 1193 3159; baseline 0.003 -22"><span class='ocrx_word' id='word_1_197' title='bbox 114 3095 155 3138; x_wconf 94' lang='lat' dir='ltr'>no</span> <span class='ocrx_word' id='word_1_198' title='bbox 179 3074 214 3138; x_wconf 93' lang='lat' dir='ltr'>in</span> <span class='ocrx_word' id='word_1_199' title='bbox 237 3074 299 3138; x_wconf 91' lang='lat' dir='ltr'>hac</span> <span class='ocrx_word' id='word_1_200' title='bbox 323 3085 414 3158; x_wconf 89' lang='lat' dir='ltr'>parte</span> <span class='ocrx_word' id='word_1_201' title='bbox 437 3098 501 3139; x_wconf 90' lang='lat' dir='ltr'>non</span> <span class='ocrx_word' id='word_1_202' title='bbox 527 3079 576 3139; x_wconf 89' lang='lat' dir='ltr'>est</span> <span class='ocrx_word' id='word_1_203' title='bbox 603 3075 925 3159; x_wconf 87' lang='lat' dir='ltr'>praetermittendum</span> <span class='ocrx_word' id='word_1_204' title='bbox 948 3074 1047 3139; x_wconf 91' lang='lat' dir='ltr'>Nonii</span> <span class='ocrx_word' id='word_1_205' title='bbox 1074 3099 1103 3159; x_wconf 90' lang='lat' dir='ltr'>p.</span> <span class='ocrx_word' id='word_1_206' title='bbox 1128 3076 1193 3140; x_wconf 80' lang='lat'>528</span> 
     </span>
     <span class='ocr_line' id='line_1_27' title="bbox 115 3181 1194 3267; baseline 0.001 -22"><span class='ocrx_word' id='word_1_207' title='bbox 115 3181 270 3246; x_wconf 89' lang='lat' dir='ltr'>imonium</span> <span class='ocrx_word' id='word_1_208' title='bbox 294 3181 379 3265; x_wconf 92' lang='lat' dir='ltr'>quod</span> <span class='ocrx_word' id='word_1_209' title='bbox 399 3189 448 3245; x_wconf 87' lang='lat' dir='ltr'>est</span> <span class='ocrx_word' id='word_1_210' title='bbox 466 3183 546 3263; x_wconf 89' lang='lat' dir='ltr'>tale:</span> <span class='ocrx_word' id='word_1_211' title='bbox 571 3181 687 3246; x_wconf 72' lang='lat' dir='ltr'>‘lucis</span> <span class='ocrx_word' id='word_1_212' title='bbox 706 3203 840 3246; x_wconf 91' lang='lat' dir='ltr'>numero</span> <span class='ocrx_word' id='word_1_213' title='bbox 863 3183 989 3267; x_wconf 89' lang='lat' dir='ltr'>plurali,</span> <span class='ocrx_word' id='word_1_214' title='bbox 1013 3183 1097 3266; x_wconf 89' lang='lat' dir='ltr'>quod</span> <span class='ocrx_word' id='word_1_215' title='bbox 1117 3188 1194 3246; x_wconf 90' lang='lat' dir='ltr'>sunt</span> 
     </span>
     <span class='ocr_line' id='line_1_28' title="bbox 114 3286 1193 3373; baseline 0 -21"><span class='ocrx_word' id='word_1_216' title='bbox 114 3312 127 3352; x_wconf 81' lang='grc' dir='ltr'>ι.</span> <span class='ocrx_word' id='word_1_217' title='bbox 159 3287 263 3353; x_wconf 88' lang='lat' dir='ltr'>Varro</span> <span class='ocrx_word' id='word_1_218' title='bbox 284 3305 520 3352; x_wconf 67' lang='lat' dir='ltr'>cenomanum</span> <span class='ocrx_word' id='word_1_219' title='bbox 545 3289 604 3352; x_wconf 91' lang='lat' dir='ltr'>sub</span> <span class='ocrx_word' id='word_1_220' title='bbox 628 3288 770 3373; x_wconf 86' lang='lat' dir='ltr'>imagine</span> <span class='ocrx_word' id='word_1_221' title='bbox 791 3286 951 3352; x_wconf 86' lang='lat' dir='ltr'>Demetri&#39;</span> <span class='ocrx_word' id='word_1_222' title='bbox 976 3312 1001 3353; x_wconf 91' lang='lat' dir='ltr'>e.</span> <span class='ocrx_word' id='word_1_223' title='bbox 1021 3312 1050 3373; x_wconf 89' lang='lat' dir='ltr'>q.</span> <span class='ocrx_word' id='word_1_224' title='bbox 1070 3312 1094 3354; x_wconf 90' lang='lat' dir='ltr'>s.</span> <span class='ocrx_word' id='word_1_225' title='bbox 1127 3288 1193 3352; x_wconf 90' lang='lat' dir='ltr'>Vbi</span> 
     </span>
     <span class='ocr_line' id='line_1_29' title="bbox 134 3392 1192 3478; baseline 0.004 -22"><span class='ocrx_word' id='word_1_226' title='bbox 134 3392 231 3457; x_wconf 87' lang='lat' dir='ltr'>multi</span> <span class='ocrx_word' id='word_1_227' title='bbox 258 3393 397 3477; x_wconf 87' lang='lat' dir='ltr'>cogitari</span> <span class='ocrx_word' id='word_1_228' title='bbox 423 3398 560 3477; x_wconf 88' lang='lat' dir='ltr'>possunt</span> <span class='ocrx_word' id='word_1_229' title='bbox 589 3394 642 3477; x_wconf 91' lang='lat' dir='ltr'>qui</span> <span class='ocrx_word' id='word_1_230' title='bbox 670 3394 892 3458; x_wconf 85' lang='lat' dir='ltr'>interciderint</span> <span class='ocrx_word' id='word_1_231' title='bbox 919 3396 1057 3478; x_wconf 88' lang='lat' dir='ltr'>numeri,</span> <span class='ocrx_word' id='word_1_232' title='bbox 1085 3401 1192 3460; x_wconf 89' lang='lat' dir='ltr'>tamen</span> 
     </span>
     <span class='ocr_line' id='line_1_30' title="bbox 114 3499 1193 3584; baseline 0.004 -22"><span class='ocrx_word' id='word_1_233' title='bbox 114 3499 173 3562; x_wconf 87' lang='lat' dir='ltr'>lum</span> <span class='ocrx_word' id='word_1_234' title='bbox 206 3504 274 3563; x_wconf 88' lang='lat' dir='ltr'>tam</span> <span class='ocrx_word' id='word_1_235' title='bbox 307 3501 342 3563; x_wconf 91' lang='lat' dir='ltr'>in</span> <span class='ocrx_word' id='word_1_236' title='bbox 374 3499 556 3583; x_wconf 89' lang='lat' dir='ltr'>propinquo</span> <span class='ocrx_word' id='word_1_237' title='bbox 589 3522 658 3564; x_wconf 87' lang='lat' dir='ltr'>esse</span> <span class='ocrx_word' id='word_1_238' title='bbox 688 3505 823 3582; x_wconf 88' lang='lat' dir='ltr'>apparet</span> <span class='ocrx_word' id='word_1_239' title='bbox 855 3524 950 3584; x_wconf 90' lang='lat' dir='ltr'>quam</span> <span class='ocrx_word' id='word_1_240' title='bbox 984 3503 1037 3584; x_wconf 90' lang='lat' dir='ltr'>qui</span> <span class='ocrx_word' id='word_1_241' title='bbox 1066 3503 1193 3566; x_wconf 89' lang='lat' dir='ltr'>iteratis</span> 
     </span>
     <span class='ocr_line' id='line_1_31' title="bbox 114 3604 1192 3689; baseline 0.002 -22"><span class='ocrx_word' id='word_1_242' title='bbox 114 3604 168 3669; x_wconf 74' lang='lat' dir='ltr'>eris</span> <span class='ocrx_word' id='word_1_243' title='bbox 192 3605 345 3669; x_wconf 82' lang='lat' dir='ltr'>extremis</span> <span class='ocrx_word' id='word_1_244' title='bbox 368 3605 491 3689; x_wconf 91' lang='lat' dir='ltr'>prodit:</span> <span class='ocrx_word' id='word_1_245' title='bbox 515 3624 748 3671; x_wconf 69' lang='lat' dir='ltr'>sabomacum</span> <span class='ocrx_word' id='word_1_246' title='bbox 774 3608 830 3671; x_wconf 53' lang='lat' dir='ltr'>iun</span> <span class='ocrx_word' id='word_1_247' title='bbox 854 3608 885 3671; x_wconf 92' lang='lat' dir='ltr'>h.</span> <span class='ocrx_word' id='word_1_248' title='bbox 906 3630 932 3671; x_wconf 90' lang='lat' dir='ltr'>e.</span> <span class='ocrx_word' id='word_1_249' title='bbox 955 3606 1192 3671; x_wconf 90' lang='lat' dir='ltr'>hebdomadum</span> 
     </span>
     <span class='ocr_line' id='line_1_32' title="bbox 114 3711 1192 3796; baseline 0.005 -24"><span class='ocrx_word' id='word_1_250' title='bbox 114 3730 174 3774; x_wconf 75' lang='lat' dir='ltr'>aro.</span> <span class='ocrx_word' id='word_1_251' title='bbox 218 3711 341 3788; x_wconf 83' lang='lat' dir='ltr'>Quodsi</span> <span class='ocrx_word' id='word_1_252' title='bbox 378 3734 416 3775; x_wconf 90' lang='lat' dir='ltr'>eo</span> <span class='ocrx_word' id='word_1_253' title='bbox 455 3713 488 3775; x_wconf 93' lang='lat' dir='ltr'>in</span> <span class='ocrx_word' id='word_1_254' title='bbox 525 3712 607 3776; x_wconf 90' lang='lat' dir='ltr'>libro</span> <span class='ocrx_word' id='word_1_255' title='bbox 644 3711 836 3778; x_wconf 89' lang='lat' dir='ltr'>Demetrii</span> <span class='ocrx_word' id='word_1_256' title='bbox 869 3714 1047 3778; x_wconf 87' lang='lat' dir='ltr'>Phalerei</span> <span class='ocrx_word' id='word_1_257' title='bbox 1085 3714 1192 3796; x_wconf 91' lang='lat' dir='ltr'>imago</span> 
     </span>
     <span class='ocr_line' id='line_1_33' title="bbox 115 3815 1193 3904; baseline 0.004 -26"><span class='ocrx_word' id='word_1_258' title='bbox 115 3815 219 3882; x_wconf 88' lang='lat' dir='ltr'>locata</span> <span class='ocrx_word' id='word_1_259' title='bbox 247 3824 330 3901; x_wconf 85' lang='lat' dir='ltr'>erat,</span> <span class='ocrx_word' id='word_1_260' title='bbox 359 3818 446 3882; x_wconf 84' lang='lat' dir='ltr'>vides</span> <span class='ocrx_word' id='word_1_261' title='bbox 475 3840 571 3903; x_wconf 90' lang='lat' dir='ltr'>quam</span> <span class='ocrx_word' id='word_1_262' title='bbox 600 3819 633 3882; x_wconf 91' lang='lat' dir='ltr'>id</span> <span class='ocrx_word' id='word_1_263' title='bbox 657 3825 732 3902; x_wconf 88' lang='lat' dir='ltr'>apte</span> <span class='ocrx_word' id='word_1_264' title='bbox 760 3821 795 3884; x_wconf 88' lang='lat' dir='ltr'>in</span> <span class='ocrx_word' id='word_1_265' title='bbox 823 3820 1026 3904; x_wconf 90' lang='lat' dir='ltr'>propositam</span> <span class='ocrx_word' id='word_1_266' title='bbox 1054 3843 1073 3884; x_wconf 88' lang='lat' dir='ltr'>a</span> <span class='ocrx_word' id='word_1_267' title='bbox 1100 3820 1193 3883; x_wconf 89' lang='lat' dir='ltr'>nobis</span> 
     </span>
     <span class='ocr_line' id='line_1_34' title="bbox 114 3922 1193 4009; baseline 0.004 -24"><span class='ocrx_word' id='word_1_268' title='bbox 114 3941 165 4002; x_wconf 86' lang='lat' dir='ltr'>pro</span> <span class='ocrx_word' id='word_1_269' title='bbox 184 3922 270 3987; x_wconf 87' lang='lat' dir='ltr'>virili</span> <span class='ocrx_word' id='word_1_270' title='bbox 295 3928 387 4006; x_wconf 87' lang='lat' dir='ltr'>parte</span> <span class='ocrx_word' id='word_1_271' title='bbox 406 3925 664 3988; x_wconf 87' lang='lat' dir='ltr'>commendatam</span> <span class='ocrx_word' id='word_1_272' title='bbox 687 3926 898 4007; x_wconf 89' lang='lat' dir='ltr'>partitionem</span> <span class='ocrx_word' id='word_1_273' title='bbox 922 3927 1066 4009; x_wconf 90' lang='lat' dir='ltr'>quadret,</span> <span class='ocrx_word' id='word_1_274' title='bbox 1090 3949 1109 3996; x_wconf 55' lang='lat' dir='ltr'>e,</span> <span class='ocrx_word' id='word_1_275' title='bbox 1130 3948 1193 4009; x_wconf 88' lang='lat' dir='ltr'>qua</span> 
     </span>
     <span class='ocr_line' id='line_1_35' title="bbox 114 4029 1193 4114; baseline 0.005 -25"><span class='ocrx_word' id='word_1_276' title='bbox 114 4047 148 4089; x_wconf 88' lang='lat' dir='ltr'>m</span> <span class='ocrx_word' id='word_1_277' title='bbox 167 4030 275 4112; x_wconf 87' lang='lat' dir='ltr'>ipsum</span> <span class='ocrx_word' id='word_1_278' title='bbox 299 4029 416 4093; x_wconf 90' lang='lat' dir='ltr'>librum</span> <span class='ocrx_word' id='word_1_279' title='bbox 441 4053 514 4095; x_wconf 91' lang='lat' dir='ltr'>cum</span> <span class='ocrx_word' id='word_1_280' title='bbox 537 4032 653 4094; x_wconf 88' lang='lat' dir='ltr'>ceteris</span> <span class='ocrx_word' id='word_1_281' title='bbox 678 4033 889 4114; x_wconf 86' lang='lat' dir='ltr'>scriptoribus</span> <span class='ocrx_word' id='word_1_282' title='bbox 913 4036 1058 4096; x_wconf 84' lang='lat' dir='ltr'>oratores</span> <span class='ocrx_word' id='word_1_283' title='bbox 1079 4030 1193 4095; x_wconf 88' lang='lat' dir='ltr'>Graeci</span> 
     </span>
     <span class='ocr_line' id='line_1_36' title="bbox 114 4135 261 4214; baseline 0.048 -21"><span class='ocrx_word' id='word_1_284' title='bbox 114 4135 261 4214; x_wconf 86' lang='lat' dir='ltr'>upabant</span> 
     </span>
    </p>

    <p class='ocr_par' dir='ltr' id='par_1_3' title="bbox 114 4236 1264 4523">
     <span class='ocr_line' id='line_1_37' title="bbox 144 4236 1264 4327; baseline 0.001 -25"><span class='ocrx_word' id='word_1_285' title='bbox 144 4236 177 4304; x_wconf 96' lang='lat' dir='ltr'>ln</span> <span class='ocrx_word' id='word_1_286' title='bbox 205 4243 343 4325; x_wconf 87' lang='lat' dir='ltr'>quinta</span> <span class='ocrx_word' id='word_1_287' title='bbox 370 4242 474 4306; x_wconf 86' lang='lat' dir='ltr'>classe</span> <span class='ocrx_word' id='word_1_288' title='bbox 506 4242 602 4307; x_wconf 87' lang='lat' dir='ltr'>facile</span> <span class='ocrx_word' id='word_1_289' title='bbox 635 4244 802 4308; x_wconf 89' lang='lat' dir='ltr'>intellectu</span> <span class='ocrx_word' id='word_1_290' title='bbox 836 4250 885 4309; x_wconf 90' lang='lat' dir='ltr'>est</span> <span class='ocrx_word' id='word_1_291' title='bbox 917 4245 1055 4327; x_wconf 86' lang='lat' dir='ltr'>primunr</span> <span class='ocrx_word' id='word_1_292' title='bbox 1088 4245 1192 4309; x_wconf 92' lang='lat' dir='ltr'>locum</span> <span class='ocrx_word' id='word_1_293' title='bbox 1207 4263 1264 4304; x_wconf 82' lang='lat' dir='ltr'>xrv</span> 
     </span>
     <span class='ocr_line' id='line_1_38' title="bbox 135 4347 1193 4435; baseline 0.006 -25"><span class='ocrx_word' id='word_1_294' title='bbox 135 4347 312 4411; x_wconf 80' lang='lat' dir='ltr'>architectis</span> <span class='ocrx_word' id='word_1_295' title='bbox 331 4370 390 4412; x_wconf 88' lang='lat' dir='ltr'>nec</span> <span class='ocrx_word' id='word_1_296' title='bbox 410 4349 541 4411; x_wconf 88' lang='lat' dir='ltr'>medicis</span> <span class='ocrx_word' id='word_1_297' title='bbox 561 4350 671 4412; x_wconf 87' lang='lat' dir='ltr'>datum</span> <span class='ocrx_word' id='word_1_298' title='bbox 692 4371 771 4412; x_wconf 87' lang='lat' dir='ltr'>csse.</span> <span class='ocrx_word' id='word_1_299' title='bbox 808 4349 909 4424; x_wconf 85' lang='lat' dir='ltr'>Quem</span> <span class='ocrx_word' id='word_1_300' title='bbox 929 4351 1013 4414; x_wconf 91' lang='lat' dir='ltr'>enim</span> <span class='ocrx_word' id='word_1_301' title='bbox 1037 4353 1193 4435; x_wconf 87' lang='lat' dir='ltr'>praeponi</span> 
     </span>
     <span class='ocr_line' id='line_1_39' title="bbox 114 4446 1193 4523; baseline 0.007 -9"><span class='ocrx_word' id='word_1_302' title='bbox 114 4446 194 4517; x_wconf 77' lang='lat' dir='ltr'>uisse</span> <span class='ocrx_word' id='word_1_303' title='bbox 213 4452 420 4518; x_wconf 86' lang='lat' dir='ltr'>Ausonianae</span> <span class='ocrx_word' id='word_1_304' title='bbox 445 4453 696 4518; x_wconf 89' lang='lat' dir='ltr'>architectorum</span> <span class='ocrx_word' id='word_1_305' title='bbox 719 4456 913 4520; x_wconf 86' lang='lat' dir='ltr'>hebdomadi</span> <span class='ocrx_word' id='word_1_306' title='bbox 937 4458 1193 4523; x_wconf 84' lang='lat' dir='ltr'>existimabimus</span> 
     </span>
    </p>
   </div>
   <div class='ocr_carea' id='block_1_3' title="bbox 0 0 1468 5046">
    <p class='ocr_par' dir='ltr' id='par_1_4' title="bbox 0 0 1468 5046">
     <span class='ocr_line' id='line_1_40' title="bbox 0 0 1468 5046; baseline 0 0"><span class='ocrx_word' id='word_1_307' title='bbox 0 0 1468 5046; x_wconf 95' lang='lat' dir='ltr'> </span> 
     </span>
    </p>
   </div>
  </div>
 </body>
</html>
