2924 5046
173 339 238 402 372
594 356 641 402 nn
666 357 700 402 n.
724 353 900 402 sinuosus

173 497 357 580 pinqnitate
385 497 555 581 finitimos,
588 497 807 562 voluminibus
836 517 968 580 prorsus
998 494 1039 557 ab
1062 493 1131 558 illis
1155 493 1235 558 discr

173 604 392 689 cogitavitque
416 604 483 667 sira
508 603 546 668 de
569 603 806 687 philosophicis
826 601 1101 685 disputationibus
1121 599 1235 684 quibus

173 731 230 794 per
258 711 416 795 plurimos
445 710 694 775 commentarios
718 707 879 773 Varronis
904 707 1039 791 sparsiS,
1063 707 1141 788 sive,
1163 726 1235 789 quoi

172 815 301 882 bentius
335 816 528 901 amplector,
560 816 599 882 de
631 816 672 880 iis
704 815 796 879 libris
828 835 964 899 quorum
994 812 1154 876 secundus
1186 834 1235 876 ers

171 923 275 1003 forma
293 923 517 1006 philosophiae,
546 923 595 986 vel
620 921 658 985 de
682 920 734 985 his
758 937 885 1004 unaque
909 919 948 982 de
972 917 1057 982 libro
1082 917 1235 1002 singulari

174 1052 269 1114 quem
293 1030 502 1113 inscripserat
524 1031 561 1094 dc
576 1027 781 1112 philosophia.
811 1023 859 1089 Of.
874 1030 894 1105 ξ
910 1026 938 1089 8.
967 1023 1067 1087 Vides
1092 1047 1191 1109 quam
1215 1046 1235 1088 u

172 1135 291 1218 plicem
320 1136 514 1219 explicatum
543 1134 687 1218 episcopi
711 1131 905 1197 Viennensis
935 1152 973 1194 es
996 1131 1094 1194 verba
1118 1130 1235 1196 habear

174 1243 303 1327 quibus,
336 1243 390 1327 qui
423 1242 638 1307 inconsultius
672 1245 764 1326 agat,
797 1239 893 1303 facile
924 1238 1061 1301 alterum
1093 1257 1235 1321 argume]

174 1353 265 1432 petat
288 1346 442 1434 (alterum
467 1347 597 1433 quidem
616 1370 655 1411 cx
671 1346 844 1430 Augustini
865 1341 1036 1428 exemplo),
1060 1366 1125 1427 quo
1146 1347 1182 1407 nt
1201 1365 1235 1408 n(

175 1459 247 1519 octo
278 1455 352 1519 aliis
383 1454 561 1538 disciplinis
592 1453 834 1537 philosophiam
864 1450 1055 1515 aVarrone
1083 1451 1229 1515 iunctam

174 1560 300 1644 probet.

645 1894 780 1961 Osrvr
803 1894 849 1960 ΙΙ.
889 1890 891 1894 ’

701 2060 721 2138 s
748 2058 797 2121 12.

136 2223 162 2262 ss
268 2202 295 2264 1.
341 2198 669 2284 Circumspiciendum
697 2222 783 2264 nunc
811 2204 875 2282 cst,
908 2198 936 2262 si
964 2197 1048 2262 forte
1076 2218 1114 2260 cx
1139 2195 1214 2260 aliis

177 2302 311 2389 mentis,
335 2327 415 2388 quse
440 2306 479 2371 ad
503 2306 756 2390 Disciplinarum
779 2305 880 2369 libros
891 2304 974 2401 ‘sola
997 2302 1184 2367 coniectura
1206 2323 1235 2384 pr

177 2409 286 2473 bilitcr
300 2411 489 2497 referantur,
512 2413 612 2476 etiam
631 2413 801 2478 certiorem
822 2411 961 2496 speciem
981 2410 1184 2495 singularum
1203 2430 1235 2473 ar

177 2515 257 2581 ald.
273 2515 426 2583 Terentio
447 2523 718 2603 pertractaturum
741 2518 844 2583 menti
866 2522 996 2582 nostrae
1015 2516 1194 2582 informare
1216 2515 1235 2580 li

266 2622 314 2689 Ac
337 2623 377 2689 de
400 2627 655 2710 grammatica
676 2626 859 2706 ἀποφατικὴ
880 2626 984 2689 omnis
1003 2624 1183 2707 disputatio
1202 2644 1235 2687 u(

176 2751 242 2795 non
265 2735 463 2812 καταφατικὴ
488 2733 557 2797 erit.
593 2732 680 2798 Nam
703 2755 777 2796 cum
799 2732 838 2795 de
862 2731 1074 2816 grammatica
1097 2729 1219 2794 librum

176 2837 265 2902 ronis
289 2838 321 2902 in
346 2836 482 2904 Cornuti
508 2840 614 2904 verbis
637 2838 899 2924 indagaverimus
924 2837 1008 2920 apud
1029 2834 1235 2901 Oassiodorm

177 2942 411 3029 orthographia
442 2969 472 3030 p.
496 2946 650 3029 228612„
683 2951 790 3011 tamen
824 2969 904 3030 quae
937 2948 1105 3029 praeterea
1139 2964 1177 3006 ex
1211 2963 1235 3005 ei

178 3047 322 3115 Cornuto
357 3049 569 3118 Cassiodorus
601 3054 697 3117 affert
719 3052 878 3118 Varronis
911 3052 999 3116 dicta
1032 3051 1101 3114 siue
1135 3049 1216 3114 certi

177 3155 310 3240 indicio,
343 3179 381 3222 ea
409 3181 485 3224 care
514 3159 555 3224 ad
584 3160 720 3224 eundem
748 3159 786 3223 de
815 3158 1030 3245 grammatica
1052 3159 1235 3221 commenta

177 3259 252 3323 ilico
283 3262 413 3328 referas.
465 3264 518 3330 Ab
541 3265 607 3329 illis
637 3265 721 3331 enim
747 3288 827 3350 quae
851 3287 949 3348 supra
972 3262 1220 3347 perscripsimus

177 3366 380 3450 excipiuntur
404 3366 539 3436 Cornuti
563 3373 661 3436 verba
685 3395 714 3455 p.
738 3372 835 3454 2285,
858 3372 915 3436 35:
947 3371 968 3433 h
990 3371 1069 3435 sieut
1091 3370 1127 3432 ia
1149 3389 1235 3451 quaa

176 3477 220 3537 est
242 3473 345 3540 littera
366 3477 408 3542 sit
429 3498 532 3562 neme,
563 3480 608 3543 sic
633 3499 795 3560 serapiam
817 3478 1020 3542 rtabhuadam-
1043 3481 1085 3540 cst
1107 3476 1235 3540 scatade

176 3600 198 3643 a
219 3603 398 3664 meusque
419 3590 604 3650 amssmsante
619 3586 699 3668 poni
721 3584 830 3650 dehac.
860 3586 941 3666 quod
961 3584 1044 3650 solus
1064 3583 1164 3648 Varro
1186 3583 1235 3647 aa

176 3688 242 3752 osolt
263 3691 346 3753 mim
368 3691 548 3754 auctoritate
569 3711 628 3756 sita
650 3692 776 3772 efficere,
799 3696 835 3754 at
852 3691 873 3755 h
889 3691 983 3772 prius
999 3694 1140 3772 pariatur
1162 3709 1200 3752 eu-
1224 3690 1235 3753 l

175 3814 255 3874 quac
276 3797 497 3877 aspirationes
519 3797 669 3880 consent,
698 3803 727 3862 ct
752 3818 784 3861 eo
813 3798 914 3880 mapis
939 3795 994 3861 hoc
1017 3801 1113 3860 renai
1129 3816 1235 3878 passa

176 3901 258 3982 qsiod
277 3902 430 3967 vocalibus
452 3924 569 3984 qaoqae
591 3904 673 3967 dicat
694 3905 840 3986 anteponi
861 3908 896 3967 ut
917 3903 1011 3985 lieres,
1033 3902 1146 3967 hircus.
1173 3902 1230 3967 sed

176 4027 282 4071 ronam
298 4011 450 4090 praeeat
471 4014 687 4075 miserantem
709 4011 774 4074 iiico
796 4012 927 4075 seeundo
950 4010 1012 4074 loco
1034 4009 1054 4072 h
1078 4010 1222 4093 recipere,

176 4135 239 4180 aaa
259 4116 356 4197 possit
375 4117 596 4199 aspirationes
617 4117 682 4181 uisi
703 4121 775 4181 ante
796 4118 911 4183 vocata
932 4117 1040 4181 trabere
1062 4116 1176 4202 (vulgo
1199 4138 1228 4199 q.

177 4227 249 4287 ante
270 4223 491 4305 aspirationem
513 4225 576 4288 nisi
593 4224 709 4288 vocales
727 4223 856 4307 trahere).
879 4226 982 4305 itaque
1003 4229 1032 4288 ct
1053 4228 1125 4287 ante
1147 4228 1177 4288 et
1191 4245 1235 4306 po

177 4328 198 4392 h
221 4330 323 4394 littera
345 4331 512 4411 citharaque
534 4330 591 4394 tati
613 4351 676 4394 noa
692 4330 883 4412 etdiaipatur
902 4329 1014 4414 (vulgo
1034 4331 1092 4394 tuli
1108 4331 1235 4412 adiungi

177 4453 241 4501 aua
262 4434 390 4501 sonabit
434 4436 507 4501 haec
529 4437 610 4502 eninr
633 4442 749 4502 naimo
772 4437 923 4504 vocalium
946 4443 990 4503 est
1011 4442 1060 4516 at,
1082 4438 1146 4502 sios
1166 4442 1235 4502 aaa
