2888 5040
198 296 263 360 732
563 316 634 362 una
657 315 815 362 mensure
839 315 986 364 ruuuus.

286 460 468 522 terraneam
507 460 651 544 [plagam
687 462 834 540 noscare]
872 460 1174 543 concupisce[re]m,
1204 456 1304 522 secutos

288 566 388 646 [sum]
413 563 556 629 Gallicas
575 565 675 649 Alpes
698 569 730 629 et
753 565 858 629 lustro
881 565 1022 649 populos
1041 564 1196 649 Aquilone
1213 560 1312 650 pallet·

287 675 347 734 tes.
391 672 466 736 inde
494 672 542 736 sol
571 671 718 767 occidens
745 670 881 754 placuit:
912 671 1008 734 flecto
1033 692 1171 735 cursum:
1195 671 1240 735 sod
1263 663 1320 729 sta·

285 778 345 841 tim
372 800 433 862 par
459 778 607 860 horrore,
639 799 699 860 par
727 776 861 859 vertice,
892 799 953 860 par
980 777 1038 841 ille
1064 777 1189 841 nivibus
1208 761 1329 860 Alpinis

197 881 240 947 55
284 883 469 968 Pyrenaeus
507 883 641 967 excepit.
687 883 790 966 vides,
826 883 962 966 hospes,
1000 905 1084 966 quae
1120 883 1221 966 spatia
1249 865 1341 947 coell

285 991 540 1076 peragraverim,
569 1012 652 1074 quae
679 990 777 1054 maris
802 1013 924 1082 quaeve
946 993 1118 1054 terrarum.
1160 1012 1222 1054 non
1240 982 1349 1052 aliter

285 1096 498 1181 mehercules,
531 1097 558 1160 si
588 1096 734 1160 conferre
762 1097 873 1180 parvis
902 1119 1024 1182 magna
1051 1096 1141 1180 licet,
1172 1117 1253 1160 sacer
1289 1082 1362 1153 ille

285 1203 410 1268 iuvenis
446 1206 549 1268 terras
586 1203 810 1287 pervolitavit,
846 1205 897 1268 cui
930 1204 1033 1268 Terra
1068 1206 1173 1267 mater
1205 1209 1371 1286 capam38

285 1313 476 1374 oneraverat
498 1309 648 1394 frugibus
671 1310 825 1393 amictus,
848 1314 882 1373 et
904 1333 977 1375 cum
1001 1310 1080 1374 alite
1102 1315 1247 1394 serpente
1267 1319 1377 1370 cut·

197 1415 240 1478 60
285 1439 355 1479 rum
379 1417 452 1500 ipsa
474 1417 642 1499 iunxisset,
665 1418 729 1481 nisi
753 1421 824 1482 toto
848 1418 926 1482 orbe
950 1421 1124 1502 peragrato
1148 1417 1246 1481 vetuit
1263 1425 1385 1480 suas

285 1523 390 1587 redire
420 1528 596 1606 serpentes,
641 1525 738 1589 liceat
768 1545 846 1608 ergo
876 1524 1009 1589 taudem
1039 1524 1181 1608 fatigato
1208 1523 1258 1587 hic
1294 1513 1391 1580 ali·

285 1629 412 1711 quando
446 1631 663 1696 succumbere.
716 1632 744 1696 si
777 1629 912 1716 Scythes
945 1653 1066 1713 essem,
1098 1631 1166 1694 iam
1197 1629 1393 1714 plaustsu

285 1735 469 1819 solvissem3
498 1738 525 1801 si
549 1759 652 1822 vagus
676 1739 891 1822 gubernator,
914 1738 980 1801 iam
1004 1737 1112 1801 dicata
1135 1736 1242 1820 pelagi
1263 1733 1393 1796 dees

285 1865 384 1926 prora
407 1845 570 1928 penderet
594 1868 759 1930 quousque
782 1844 997 1929 vagabimur?
1022 1865 1065 1907 an
1088 1865 1215 1927 semper
1236 1839 1391 1922 hospi

197 1949 240 2012 65
286 1955 335 2014 tes
363 1952 505 2015 erimus?
542 1952 631 2017 ferae
654 1952 758 2017 cubile
782 1952 993 2035 prospiciunt,
1017 1955 1051 2015 et
1074 1972 1151 2014 aves
1174 1969 1393 2013 senescun

286 2058 319 2120 iu
351 2058 436 2123 nido.
482 2059 510 2121 si
542 2057 612 2122 fata
640 2058 777 2123 Rumam
809 2063 931 2143 negant
963 2058 1120 2142 patriam,
1152 2056 1260 2121 saltim
1327 2054 1393 2118 hi

287 2185 416 2228 manere
439 2165 616 2248 contingat.
654 2166 740 2248 quid,
764 2165 849 2250 quod
869 2163 1068 2228 cousuetudo
1086 2185 1139 2228 res
1158 2164 1252 2228 sortis
1280 2162 1393 2227 est?

287 2273 319 2332 et
353 2292 426 2335 ecce
458 2272 523 2336 iam
553 2270 778 2336 familiaritate
810 2272 968 2336 continua
999 2270 1115 2334 civitas
1146 2271 1241 2335 nobis
1282 2269 1393 2351 ipsa

285 2376 465 2458 blanditur,
488 2400 579 2463 quae,
603 2379 631 2443 si
654 2379 730 2464 quid
754 2379 856 2444 credis
880 2378 970 2461 mihi,
993 2377 1049 2460 qui
1073 2376 1177 2441 multa
1199 2373 1393 2460 cognovi

198 2483 241 2546 70
286 2485 430 2548 omnium
460 2506 579 2567 rerum,
610 2507 692 2568 quae
719 2482 760 2548 ad
783 2485 927 2567 quietem
949 2483 1128 2567 eliguntur,
1158 2481 1315 2566 gratissi
1327 2502 1391 2543 lna

286 2594 345 2654 est.
390 2591 545 2673 populum
570 2590 672 2673 vides,
696 2613 716 2655 o
738 2589 859 2673 hospes
882 2593 916 2653 et
939 2589 1056 2672 amice,
1079 2588 1225 2672 probum,
1246 2588 1341 2650 fru
1354 2586 1386 2668 gi,

285 2695 444 2779 quietum,
468 2696 558 2761 turdo
583 2697 720 2780 quidem,
744 2697 800 2760 sed
823 2695 943 2761 iudicio
967 2695 1175 2778 hospitalem.
1219 2693 1380 2759 coelum

286 2802 493 2885 peculiariter
525 2804 740 2885 temperatum
774 2801 889 2865 miscet
920 2802 1021 2879 vices,
1054 2805 1087 2865 et
1118 2805 1229 2866 notam
1261 2798 1374 2861 veris

285 2913 374 2973 totus
399 2931 501 2973 annus
525 2908 682 2972 imitatur.
710 2911 797 2971 terra
819 2907 938 2972 fertilis
959 2908 1083 2991 campis
1103 2911 1137 2972 et
1155 2908 1258 2992 magis
1278 2903 1368 2966 eol-

199 3016 240 3080 lb
287 3016 386 3080 libus:
414 3038 489 3078 nam
511 3012 627 3077 Italiae
656 3014 739 3078 vites
764 3015 895 3078 affectat
918 3017 951 3078 et
974 3018 1144 3098 comparat
1167 3035 1253 3077 areas
1274 3011 1363 3089 [etl

287 3123 429 3187 serotino
459 3144 525 3185 non
549 3120 709 3184 erubescit
731 3124 895 3185 autumno,
941 3121 968 3183 si
993 3120 1069 3204 quid
1094 3122 1135 3185 ad
1158 3142 1223 3185 rem
1244 3113 1357 3201 perli-

285 3233 350 3310 net,
372 3229 486 3292 civitas
510 3229 583 3312 ipsa
606 3227 865 3312 generosissimis
889 3227 1043 3310 auspiciis
1066 3228 1223 3292 instituta.
1255 3236 1349 3286 nam

287 3337 414 3416 praeter
438 3331 586 3398 Caesaris
610 3333 742 3415 vexilla,
772 3356 854 3416 quae
877 3337 1011 3416 portant
1035 3335 1227 3419 triumphos,
1249 3319 1345 3392 uruit*

286 3462 402 3504 nomen
427 3440 561 3524 accepit,
585 3440 677 3504 adest
700 3435 797 3503 etiam
821 3440 993 3524 peregrina
1014 3443 1181 3507 nobilitas.
1221 3436 1340 3521 quipl'e

197 3548 240 3612 80
286 3548 313 3611 si
332 3551 442 3612 vetera
460 3546 585 3630 templa
599 3546 763 3629 respicias,
780 3545 834 3608 hic
848 3546 902 3609 ille
917 3546 1036 3610 colitur
1051 3547 1199 3631 corniger
1210 3532 1332 3627 prued0·

286 3655 340 3740 qui
359 3653 493 3738 Tyriam
518 3653 677 3737 virginem
700 3654 834 3735 portans
858 3652 934 3714 dum
958 3673 1015 3734 per
1039 3655 1113 3716 tota
1130 3633 1327 3716 amalaci-

285 3761 341 3843 vit,
364 3760 418 3824 hic
442 3759 552 3822 amisit
574 3762 607 3822 et
630 3759 787 3841 substitit,
810 3764 843 3823 et
867 3759 935 3823 eius
959 3780 1058 3842 quam
1076 3759 1201 3824 ferebat
1216 3753 1319 3821 oblitus

142 3895 182 3935 sos
286 3867 393 3931 subito
416 3869 563 3931 nostrum
586 3865 678 3929 littus
703 3865 877 3930 adamavit.
922 3863 985 3929 Hic
1009 3887 1083 3929 cum
1107 3887 1167 3950 ego
1190 3860 1313 3945 respiras·

286 3996 367 4056 sem,
391 3973 502 4037 statim
526 3972 694 4054 Baeticus,
717 3995 746 4056 0,
769 3973 885 4056 iuquit,
908 3973 1039 4037 beatam
1063 3973 1232 4051 civitatem,
1249 3979 1307 4050 quoe

197 4081 240 4145 85
285 4082 320 4144 in
351 4085 383 4144 te
412 4080 534 4144 incidit.
582 4080 851 4164 quemadmodum
878 4083 988 4144 tamen
1015 4084 1049 4144 te
1077 4078 1266 4164 prosequitur
1286 4070 1305 4130 el

286 4189 362 4272 quid
386 4187 439 4252 hic
464 4190 497 4267 [a
520 4188 566 4268 te]
592 4185 723 4271 agitur?
746 4186 830 4250 unde
850 4185 1001 4250 subvenit
1019 4186 1166 4251 reditus?
1188 4208 1226 4249 an
1242 4182 1307 4266 pater

285 4295 326 4359 ab
355 4293 467 4358 Africa
499 4292 746 4356 subministrat?
774 4330 818 4340 —
845 4292 939 4356 Vnde
974 4295 1024 4372 [tu
1052 4292 1170 4376 putas?
1201 4288 1309 4373 apatre

285 4401 427 4484 quidem]
452 4420 664 4484 nequaquam,
688 4421 760 4463 cum
786 4401 884 4480 [eum]
909 4396 971 4463 hac
990 4398 1064 4481 ipsa
1083 4393 1313 4482 peregrinatione
