2924 5046
134 339 200 403 312
411 350 649 411 ovaasrrouss
674 349 1008 398 ouonnronoorcnu.

178 498 254 561 dum
279 496 368 559 nulla
392 495 572 559 mutatione
596 493 629 557 in
651 494 782 558 fabulae
807 515 918 557 versus
942 513 1054 555 omnes
1079 493 1276 575 int-ret,ia11

178 626 261 667 unus
289 601 425 686 quisque
452 600 575 684 poterit
599 622 656 683 pro
681 622 714 663 se
738 600 807 683 ipse
832 598 980 682 experiri.
1029 598 1090 679 [Of.
1114 598 1148 665 O.
1172 598 1206 664 F.
1229 598 1276 662 W

179 709 297 774 Mliller
320 707 435 774 ‘Plaut
458 705 602 771 Prosod.'
626 729 655 790 p.
679 707 745 770 330
769 711 878 770 annot.
903 704 1093 790 ‘Nachtrag'
1117 729 1148 790 p.
1172 708 1237 787 42]

135 815 323 881 Ἐπίδικο(
345 814 548 899 Epidicus:
573 835 683 877 servus
707 813 848 897 Epidiei3
873 851 915 857 -
939 813 1018 876 item
1042 811 1129 895 apud
1154 813 1267 895 Anonp·

184 943 272 985 mum
295 943 327 1004 p.
348 920 412 985 100
435 918 529 984 Ribb.
549 919 694 984 Tertium
719 919 900 1002 exemplum
924 941 941 982 e
965 919 1153 983 coniectura
1176 917 1270 982 addid

182 1051 280 1111 supra
304 1028 363 1092 sub
387 1027 550 1107 ῒΔεκίων.

135 1135 378 1215 *Ἐργάειλοε
405 1133 626 1219 Ergasilus:
655 1135 818 1217 parasitus
847 1133 1068 1216 Captivorum.
1117 1130 1195 1196 Non
1222 1133 1276 1196 Er·

178 1243 328 1326 positum,
352 1239 436 1325 quod
461 1240 575 1319 sciam,
598 1238 652 1302 sed
676 1238 902 1320 *Erposinrnm
925 1242 1045 1303 norunt
1067 1238 1158 1303 tituli
1183 1239 1274 1303 latini

183 1352 219 1412 ut
241 1349 265 1412 Ι.
289 1347 327 1412 R.
350 1346 390 1411 N.
417 1346 489 1410 752.
516 1346 609 1410 1756.

136 1455 297 1534 Ἐρμίων
320 1450 491 1518 Hermio:
520 1475 631 1516 servus
655 1452 826 1516 Plautinus
856 1451 939 1534 apud
964 1450 1094 1515 Festum
1120 1451 1276 1536 epitomae

183 1583 212 1643 p.
237 1560 289 1642 62,
312 1560 343 1622 4.
389 1557 485 1622 Redit
509 1559 542 1622 in
565 1559 589 1624 l.
613 1558 650 1622 R.
673 1557 714 1622 N.
737 1558 833 1622 4262.

138 1666 320 1744 Ἐρώτιον
338 1664 530 1728 Erotium:
555 1665 705 1729 meretrix
725 1664 1022 1750 Menaechmorum3
1044 1705 1083 1710 -—
1104 1666 1184 1729 item
1203 1667 1276 1749 apui

182 1771 364 1854 Turpilium
388 1794 416 1835 v.
443 1772 503 1835 187
524 1771 561 1836 R.
607 1771 698 1835 Adde
722 1771 836 1835 titulos
860 1771 989 1836 latinos.
1036 1770 1084 1835 Gt'.
1109 1773 1244 1849 Ἐρωτίῑ.

139 1879 347 1943 Εὐθύνικοε
371 1878 617 1962 Euthynicus
641 1875 888 1961 (Elvrvsrovslz
917 1877 1120 1961 adulescens,
1150 1876 1276 1942 Casina«

183 1985 293 2069 gregis
316 2009 346 2050 ν.
370 1986 399 2048 3.
447 1984 544 2065 [Vide
568 1984 799 2063 Benseleruru.l

139 2092 314 2156 Εὐκλέων
342 2091 493 2156 Euclio:
522 2112 617 2154 senex
642 2090 841 2153 Aululariae.
866 2127 905 2135 —-
933 2090 1029 2170 {Vide
1053 2091 1272 2156 Berrselerum.

184 2194 232 2261 Of.
261 2198 381 2261 Εὐκλέα
413 2201 446 2259 et
477 2196 645 2261 consimile
678 2195 712 2259 in
745 2195 850 2258 titulis
884 2195 996 2260 latinis
1028 2217 1147 2260 nomen
1174 2196 1276 2261 Errclir

183 2302 208 2366 I.
231 2302 269 2366 R.
291 2301 331 2365 N.
355 2303 452 2367 5833.

143 2407 309 2485 Εὐνομία
332 2407 533 2471 Eunomia:
558 2408 673 2471 mulier
692 2408 890 2473 Aululariae.
924 2409 1020 2473 Redit
1040 2410 1065 2474 l.
1079 2409 1117 2473 R.
1132 2407 1173 2474 N.
1193 2411 1276 2475 5253

140 2514 308 2591 Εὔτυχο(
336 2512 539 2597 Eutychus
568 2512 779 2600 (vavcvs):
808 2515 994 2579 adulescens
1017 2514 1224 2599 Mercatoris3
1247 2554 1276 2563 -

185 2621 263 2685 item
294 2622 380 2704 apud
410 2620 585 2703 Caecilium
618 2624 701 2683 teste
730 2620 884 2685 Cicerone
918 2645 962 2685 or.
991 2643 1048 2704 pro
1072 2622 1192 2687 Roscio
1216 2625 1277 2688 Am

187 2729 236 2809 16,
259 2727 312 2811 46,
340 2727 425 2811 quod
455 2726 676 2791 testimonium
705 2730 811 2789 exstat
839 2727 923 2810 apud
953 2727 1168 2793 Ribbeekium
1197 2730 1275 2795 Com

185 2857 215 2917 p.
235 2835 287 2897 47.
325 2832 373 2897 df.
398 2833 560 2916 Parergon
585 2832 687 2896 Plaut.
711 2832 726 2895 Ι
750 2856 779 2916 p.
798 2834 867 2898 135.
904 2834 980 2897 Non
1004 2835 1112 2898 minus
1136 2836 1276 2922 frequen:

62 2964 72 2979 ·
183 2939 324 3004 nominis
355 2938 436 3003 haee
466 2938 570 3003 forma
600 2960 696 3022 quam
727 2940 867 3017 Εὐτύχη(
896 2940 1062 3023 Errtprdrcs,
1097 2964 1170 3006 eum
1205 2965 1276 3027 apul

186 3043 327 3109 Graecos
355 3049 425 3108 tum
449 3045 483 3109 in
507 3045 614 3108 titulis
638 3045 757 3109 latinis.
808 3046 947 3128 Eutyche
968 3049 1135 3112 vocativus
1161 3050 1276 3114 seriem

185 3153 310 3216 rediens
341 3152 376 3215 in
403 3152 583 3216 Mercatore
613 3174 668 3216 our
696 3173 736 3214 ne
769 3153 874 3234 possit
909 3153 1037 3236 quidem
1067 3155 1107 3217 ad
1135 3156 1276 3239 Eutyche

187 3259 421 3323 nominativum
445 3259 568 3341 referri,
591 3258 656 3322 dixi
681 3258 804 3343 Proleg.
820 3258 923 3324 Plaut.
943 3281 973 3342 p.
988 3277 1167 3325 Lxxxvrn:
1192 3267 1276 3348 atqu

187 3365 293 3448 ipsum
312 3364 472 3447 Eutychus
493 3365 594 3429 habes
614 3364 671 3445 ill,
695 3366 724 3447 4,
748 3367 768 3429 8
793 3363 887 3450 (535)
911 3369 1039 3449 praeter
1062 3365 1275 3452 inscriptione

189 3493 387 3537 scaenarum.

142 3580 274 3655 Ἡγέα(
298 3575 443 3661 Hegea:
468 3577 615 3661 saltator,
638 3578 755 3642 Persae
779 3578 817 3661 V,
842 3582 871 3660 2,
894 3581 937 3644 43
962 3578 1064 3665 (824).

143 3686 279 3761 Ἡγίων
302 3683 439 3767 Hegio:
468 3706 565 3748 senex
590 3684 813 3767 Captivorum,
840 3685 1023 3770 Adelphon3
1048 3704 1088 3733 -'
1114 3690 1276 3756 advocatu

187 3791 405 3856 Phormionis.
451 3789 526 3855 Non
548 3812 621 3854 rara
645 3790 730 3872 apud
755 3791 894 3855 Graecos
916 3792 1031 3868 Ἁγίων
1055 3795 1172 3858 forma.

143 3899 320 3963 Ἡδύλιον
348 3897 552 3980 Hedylium
581 3893 815 3983 (Hanvmvu):
844 3901 1009 3979 meretrix,
1037 3900 1191 3967 Pseuduli
1215 3904 1241 3987 1,
1264 3908 1276 3969 l

188 4004 232 4069 54
255 4004 362 4088 (188);
454 4005 531 4068 item
556 4002 745 4068 Corniculae
769 4026 863 4070 versu
887 4007 970 4090 apud
995 4006 1137 4072 Nonium
1163 4032 1194 4093 p.
1220 4012 1276 4075 14‘«

189 4109 237 4175 ef.
260 4111 397 4198 Ἡλύλοε
419 4111 546 4189 Ἡδύλη.

145 4218 237 4282 Oui(
266 4217 383 4280 Thais
408 4215 532 4301 (Tars):
564 4218 715 4281 meretrix
739 4216 900 4301 Eunuchi3
928 4257 964 4266 —
995 4221 1077 4287 item
1101 4226 1188 4309 apud
1212 4225 1276 4291 Tur

189 4322 304 4405 pilium
333 4344 361 4386 v.
392 4323 452 4387 187
468 4321 510 4405 R,
535 4360 575 4368 —
600 4323 680 4388 item
707 4324 820 4389 fabula
848 4324 991 4392 Afranii:
1021 4330 1059 4394 ef.
1087 4329 1253 4417 Parergon

190 4450 220 4510 p.
245 4429 318 4494 142.
362 4426 437 4492 Non
460 4428 645 4514 infrequens
669 4432 702 4496 in
725 4431 830 4497 titulis
854 4433 965 4499 latinis
988 4456 1115 4500 nomen.
