2924 5046
156 295 221 357 360
573 307 619 353 nn
644 308 678 355 n.
701 306 877 354 vnanours

155 455 260 518 datiis
288 472 468 533 srrtnrmcqnc
498 450 690 515 humanitate
714 451 877 531 praelitas
899 449 1035 514 Ioannes
1057 450 1222 528 Aroento,
1251 502 1252 508 ,

158 562 201 624 ita
228 560 372 623 errat-itam
399 563 427 622 ct
453 561 629 640 arreptura
657 561 691 620 at
717 557 808 633 nibil,
837 576 911 621 sane
936 576 1000 621 narr
1027 557 1162 621 inultum
1184 557 1252 621 inte

97 741 99 746 ¹
156 672 212 730 ard
234 666 359 731 oanriuo
377 665 507 747 peri-isse
529 669 586 727 unt
607 664 652 727 tta
676 663 811 726 laceram
832 661 1027 744 superfuisse.
1063 663 1108 727 sic
1129 668 1234 727 auara

156 773 316 837 scribitur:
355 786 399 838 Μ.
418 783 630 838 BARRONIS
655 782 812 836 LIBELL
820 782 864 836 VS
889 782 949 835 DE
967 781 1252 839 GEOMETRIA.

157 893 312 946 RVFVM
329 891 522 946 SILVIVM.
560 881 626 941 tam
648 876 800 957 scqabar:
824 925 831 938 .
851 923 857 936 .
878 923 885 937 .
905 875 1049 958 sequitur
1077 875 1210 940 initium
1239 900 1252 941 1

158 985 273 1048 leviter
297 984 484 1066 discrepans
508 1006 527 1048 a
551 981 715 1047 Geesiauo
739 981 897 1065 exemplo.
944 979 1078 1046 Summa
1101 984 1213 1046 autem
1236 983 1252 1047 d

159 1086 270 1174 g’entia
297 1094 411 1154 neutro
439 1092 510 1154 loco
538 1089 706 1154 Arcariani
735 1089 854 1154 codicis
883 1087 1130 1171 inscriptionem
1160 1089 1252 1155 exhil

159 1221 243 1262 nunc
267 1198 467 1262 intellectum
492 1199 541 1260 est
563 1195 598 1261 F.
613 1195 736 1260 Blumii
759 1195 863 1260 nostri
886 1196 921 1259 in
943 1193 1026 1259 Mus.
1041 1194 1146 1259 Rhen.
1168 1195 1252 1259 iun*

160 1328 189 1387 p.
210 1306 266 1368 191
285 1328 330 1388 sq.
354 1303 550 1386 narratione,
573 1303 628 1387 qui
650 1301 736 1367 hune
759 1302 897 1366 indicem
921 1303 1072 1365 testatur:
1095 1300 1216 1383 Incipit
1234 1302 1252 1365 b

160 1412 267 1476 Minci
289 1412 447 1475 Barroais
471 1411 507 1474 dc
526 1410 693 1492 ycornctric
714 1410 758 1473 ad
778 1409 886 1489 rusina
907 1408 1036 1488 feliciter
1057 1407 1195 1472 silbiurn.
1243 1440 1252 1471 r

161 1521 254 1600 paret
284 1516 384 1599 igitur
414 1516 476 1580 soli
507 1516 575 1579 sive
598 1516 741 1599 l'opmae
771 1516 838 1579 sive
869 1516 951 1580 alius
982 1515 1188 1579 coniecturae
1218 1514 1252 1578 eb

162 1623 242 1687 satis
269 1623 412 1686 incertae
441 1621 551 1686 deberi
579 1622 622 1685 M.
647 1619 749 1687 Caelii
773 1622 847 1686 Rufi
876 1644 1006 1704 nomen,
1039 1621 1252 1686 clarissimis

162 1730 200 1794 de
234 1730 323 1794 euius
357 1729 452 1793 rebus
484 1734 613 1812 praeter
647 1729 729 1793 alios
763 1728 914 1812 Meyerus
948 1728 1038 1793 Orat.
1067 1728 1161 1793 Rom.
1195 1728 1252 1811 freq

108 1902 113 1919 ,
162 1859 192 1920 p.
215 1837 281 1900 458
297 1858 364 1920 sqq.
394 1836 441 1901 ed
464 1858 536 1900 nov.
565 1841 599 1899 et
628 1833 769 1899 Orellius
798 1837 912 1900 Onom.
935 1834 1020 1900 Tull.
1044 1835 1078 1899 II
1105 1858 1136 1918 p.
1163 1835 1252 1899 1132

163 1946 388 2027 exposuerunt.
425 1941 471 2006 Vt
495 1941 536 2005 ad
559 1963 632 2005 eum
656 1940 777 2005 Rufum
800 1962 915 2024 parum
940 1946 1033 2005 caute
1056 1940 1211 2024 Meyerus
1234 1965 1252 2026 q

164 2072 225 2134 que
248 2049 281 2112 in
305 2047 371 2114 (lie.
394 2046 484 2112 Brut.
510 2048 561 2130 79,
585 2048 650 2112 273
679 2052 712 2111 et
740 2046 923 2112 Ellendtius
952 2047 1028 2112 hist
1056 2049 1162 2132 eloqu.
1192 2071 1223 2132 p.
1250 2060 1252 2063 ’

164 2156 211 2219 ed.
229 2177 302 2219 nov.
317 2153 557 2218 Varronianum
575 2152 694 2217 librum
713 2154 899 2218 rettulerint
923 2155 991 2220 sine
1010 2154 1078 2219 ulla
1097 2155 1252 2221 dubitati(

165 2262 418 2346 significatione,
456 2265 586 2325 corruat
618 2263 726 2325 autem
759 2261 858 2325 etiam
891 2266 1076 2344 temporum
1107 2267 1252 2346 computi

167 2366 361 2450 Schneideri,
385 2389 482 2451 quam
505 2367 557 2430 his
582 2366 838 2451 Disciplmarum
861 2367 954 2432 libris
979 2368 1136 2432 adhibuit.
1178 2368 1252 2433 Sita

169 2496 246 2539 sane
279 2474 463 2538 Romanum
495 2473 660 2537 hominem
692 2474 842 2538 novimus
869 2475 1007 2558 nullum,
1040 2475 1171 2539 eSiliis
1203 2488 1252 2538 aut

168 2580 293 2646 nullum
317 2580 446 2643 Rufum.
494 2577 615 2644 Contra
638 2579 673 2644 P.
697 2577 860 2644 Suillius
884 2579 983 2663 (quod
1005 2603 1124 2645 nomen
1147 2603 1252 2646 uonr

166 2689 200 2752 in
219 2687 309 2752 codd.
329 2686 482 2751 scribitur
496 2683 631 2770 Sic-ilias)
650 2685 774 2750 Rufus
798 2691 929 2769 praesto
950 2692 1000 2751 est
1018 2688 1131 2753 consul
1152 2711 1179 2752 a.
1195 2689 1252 2752 ml

167 2795 205 2858 de
229 2816 291 2877 quo
316 2793 439 2856 Plinius
462 2791 503 2856 N.
526 2792 567 2856 H.
582 2790 644 2855 VII
669 2794 731 2856 cd
754 2796 787 2856 et
810 2792 942 2858 Tacitus
965 2792 1052 2858 Anu.
1075 2795 1130 2859 lib.
1154 2794 1211 2858 xl.
1240 2795 1252 2859 l

167 2901 261 2965 xlll:
281 2902 370 2965 euius
390 2897 502 2983 quidni
521 2921 600 2962 avus
619 2898 726 2982 potuit
744 2901 887 2983 aequalis
907 2923 976 2965 esse
986 2900 1168 2966 Varronis?
1195 2904 1252 2978 Qua

168 3031 265 3091 quarn
298 3006 357 3070 tali
390 3005 520 3089 quidem
554 3006 757 3070 coniecturas
790 3029 854 3070 non
885 3006 1041 3070 habemus
1071 3007 1125 3090 qui
1158 3009 1252 3072 maio]

169 3112 436 3197 probabilitatem
464 3111 593 3176 aliunde
621 3113 838 3177 consiliemus.
884 3112 943 3176 Ille
971 3118 1082 3177 tamen
1109 3112 1216 3177 Rufus
1247 3138 1252 3175 r

169 3241 292 3303 cunque
321 3219 396 3301 fuit,
424 3218 498 3282 huic
528 3219 717 3302 inscriptum
747 3219 786 3283 de
810 3220 988 3303 geometria
1011 3220 1130 3284 librum
1154 3219 1252 3284 Varrt

169 3326 266 3390 etiam
290 3326 325 3389 in
347 3346 381 3388 re
405 3325 587 3408 gromatiea
611 3327 774 3389 versatum
797 3348 867 3389 esse
890 3347 955 3389 nou
979 3327 1084 3389 minus
1108 3331 1234 3390 eertum

169 3454 265 3516 equam
288 3453 353 3495 non
378 3453 448 3496 esse
468 3430 624 3495 Varronis
648 3453 729 3514 quae
753 3431 782 3494 ei
806 3432 994 3495 tribuuntur
1014 3432 1050 3496 in
1071 3433 1129 3497 illa
1152 3433 1252 3518 agrin

170 3561 277 3603 sorum
311 3537 469 3622 congerie.
516 3537 620 3602 Immo
653 3559 728 3602 casu
760 3537 975 3622 intercidisse,
1007 3562 1089 3622 quaa
1123 3563 1140 3602 e
1166 3539 1252 3604 Varr

89 3659 93 3669 “
169 3648 322 3727 excerpta
344 3648 461 3727 essent,
483 3666 615 3727 prorsus
638 3644 791 3708 credibile
811 3649 870 3728 est,
893 3646 1039 3710 relictam
1054 3651 1165 3711 autam
1180 3647 1252 3711 inse

169 3750 292 3813 tionem
319 3771 391 3812 eum
406 3749 534 3814 alienis
562 3749 729 3814 coaluisse.
774 3748 875 3833 quue
907 3774 979 3815 cunr
1013 3753 1115 3834 ipsius
1145 3753 1252 3818 Arcer.

170 3855 288 3919 codicis
316 3856 459 3920 rationes
489 3856 697 3939 persuadent,
726 3856 759 3921 in
788 3879 851 3940 quo
881 3858 1049 3941 inscriptio
1077 3858 1136 3923 illa
1164 3858 1252 3925 ultim

171 3963 276 4026 locum
300 3961 418 4045 integri
442 3962 665 4044 quaternionis
689 3959 764 4047 (xl)
788 3967 890 4046 tenet,
918 3963 956 4027 de
985 3965 1065 4029 (nors
1087 3967 1197 4029 autem
1220 3986 1252 4031 er

135 4087 159 4125 10
173 4069 248 4132 sitio
273 4070 308 4132 iu
332 4090 456 4132 summo
481 4070 692 4152 quaternione
715 4070 777 4133 XII
803 4070 931 4154 incipit,
954 4075 1024 4134 tum
1047 4072 1252 4139 confirmatu

172 4175 333 4259 graphum
356 4175 499 4257 lenense,
523 4176 607 4260 quod
628 4176 761 4240 eandem
780 4178 1024 4260 inscriptionem
1044 4179 1142 4265 louge
1159 4178 1252 4261 aliol

172 4303 273 4365 eoque
296 4282 375 4345 item
398 4282 612 4366 ineptissimo,
636 4283 721 4346 inter
744 4283 867 4348 medias
885 4282 1035 4349 Frontini
1052 4284 1091 4351 do
1105 4302 1124 4353 a
1140 4282 1153 4288 ’
1200 4280 1221 4288 ”

174 4387 360 4472 potationes
383 4384 427 4474 (p.
453 4388 514 4452 111
530 4385 581 4474 G.)
604 4387 743 4455 exhibet.
783 4388 853 4466 Quo
876 4387 1008 4463 aceedit.
