2924 5046
441 366 519 413 srva
544 366 790 414 unnuouxuvu
814 367 919 415 maur.
1190 353 1252 415 537

51 485 254 574 haustas.
292 508 363 584 Quo
386 509 474 574 facto
497 511 605 593 ipsum
628 510 786 574 librorum
810 532 937 593 nomen,
961 510 1044 595 quod
1069 532 1162 575 nemo
1187 511 1255 594 qui-

61 593 182 677 dem
201 636 343 699 unquam
362 615 534 699 dubitavit,
557 618 634 700 quin
654 639 673 680 a
693 617 834 700 septenis
854 617 1052 700 imaginibus
1073 639 1129 699 per
1148 619 1256 700 capita

70 698 280 802 dispositis
303 722 512 786 derivandum
536 722 587 806 sit,
611 723 659 785 ita
683 723 879 786 illustratum
903 733 953 785 est
972 728 1068 806 atque
1087 725 1254 789 confirma·

72 802 189 910 Phra,
212 833 250 892 ut
273 849 367 893 nemo
391 834 525 913 propter
548 829 704 893 Varronis
729 829 850 893 dictum
874 852 893 892 a
913 828 1016 893 Gellio
1040 830 1177 895 relatum
1197 832 1255 914 lll,

90 913 166 1025 μ),
188 935 228 997 17
259 933 311 1000 ‘se
339 929 466 1020 quoque'
495 936 561 999 iam
589 935 812 1001 duodecimam
838 957 996 999 annorum
1020 935 1255 1002 hebdomadam

90 1032 293 1120 ¹11gressum
322 1063 391 1105 esse
420 1043 515 1106 etad
541 1064 611 1106 eam
636 1042 720 1106 diem
746 1043 954 1126 septuaginta
978 1042 1196 1108 hebdomadas
1221 1046 1255 1108 li-

98 1121 235 1211 b‘tomm
253 1147 500 1231 conscripsisse'
519 1148 558 1212 de
577 1148 812 1213 hebdomadum
834 1149 1055 1232 appellatione
1079 1173 1097 1212 a
1122 1173 1255 1217 numero

100 1231 226 1318 homm
255 1254 415 1319 librorum
443 1256 617 1338 repetenda
640 1256 784 1340 cogitare
808 1255 921 1339 possit.
969 1256 1073 1339 Atque
1098 1279 1134 1319 ex
1159 1259 1254 1322 medi-

104 1373 220 1425 Qorum
258 1361 459 1426 hebdomade
497 1362 581 1444 apud
614 1362 755 1426 Plinium
789 1363 897 1443 obvia,
935 1384 998 1445 qua
1031 1361 1255 1448 Hippocrates,

102 1455 255 1551 Iliocles,
287 1467 505 1553 Praxagoras,
538 1467 754 1552 Chrysippus,
786 1468 1019 1550 Erasistratus,
1052 1469 1256 1552 Herophilus,

100 1573 321 1656 Asclepiades
350 1574 678 1659 comprehenduntur,
711 1596 775 1638 non
805 1574 908 1638 solum
932 1576 1139 1658 perspicitur,
1172 1577 1255 1660 quod

99 1680 188 1745 data
211 1701 310 1764 opera
335 1681 506 1746 annotavit
528 1681 738 1765 Ritsehelius,
762 1682 797 1745 iu
820 1681 936 1745 horum
960 1682 1146 1746 nominibus
1171 1704 1256 1747 com·

98 1787 268 1871 ponendis
292 1785 475 1852 Varronem
496 1810 564 1852 non
587 1789 768 1872 neglexisse
792 1793 975 1871 temporum
998 1789 1173 1873 rationem,
1201 1789 1256 1854 sed

100 1895 209 1958 etiam
235 1898 372 1978 apparet
395 1917 467 1958 eum
488 1895 528 1959 ab
549 1879 739 1979 aequalibus
758 1894 949 1977 recipiendis
969 1916 1033 1958 non
1054 1895 1257 1977 abstinuisse,

100 2022 208 2083 quum
240 2000 466 2082 Asclepiadem
495 2000 620 2065 Plinius
649 2004 669 2081 ς
697 2003 736 2064 12
767 2005 873 2065 aetate
902 2000 1012 2085 Magni
1041 2000 1186 2084 Pompeii
1215 2001 1255 2065 ab

103 2106 226 2171 orandi
245 2105 433 2190 magisterio
452 2107 492 2170 ad
507 2111 610 2171 artem
626 2108 784 2171 medicam
799 2130 832 2172 se
847 2109 1044 2173 convertisse
1058 2109 1256 2191 profiteatur.

103 2212 215 2277 Paulo
242 2212 430 2296 impeditior
456 2216 507 2276 est
536 2211 673 2277 Brunnii
700 2216 932 2279 statuariorum
961 2215 1151 2279 hebdomas:
1184 2213 1257 2278 Phi·

106 2319 211 2400 diam,
235 2317 447 2402 Polyclitum,
472 2317 654 2403 Myronem,
682 2320 914 2404 Pythagoram,
945 2320 1137 2405 Lysippum,
1166 2321 1257 2384 'Pele-

108 2425 262 2508 phanem,
281 2423 478 2488 Praxitelem
493 2427 662 2509 complexa
677 2449 696 2490 a
710 2426 816 2491 Plinio
831 2426 970 2492 XXXIV
986 2430 1006 2507 ξ
1021 2428 1149 2491 54-71
1171 2425 1256 2489 haud

108 2531 208 2595 dubie
246 2553 284 2595 ex
321 2529 519 2614 imaginibus
552 2530 766 2595 Varronianis
804 2538 1080 2597 commemoratos.
1144 2529 1257 2615 Neque

106 2643 219 2701 tamen
250 2637 285 2700 in
309 2635 495 2719 Telephane
524 2640 557 2700 et
579 2636 768 2722 Pythagora
796 2639 1046 2721 ignobilioribus
1070 2638 1134 2701 illis
1158 2636 1256 2700 offen·
1272 2656 1298 2694 1⁰

110 2744 232 2826 dimus,
260 2743 377 2827 quippe
405 2745 479 2827 plus
508 2767 571 2809 uno
595 2745 724 2809 nomine
748 2768 767 2808 a
790 2745 937 2808 Brunnio
961 2744 1012 2808 vel
1037 2767 1056 2808 e
1080 2742 1257 2807 Ritschelio

111 2849 273 2913 defensos.
310 2849 371 2914 Sed
396 2850 585 2915 offendimus
605 2852 640 2915 iu
659 2851 832 2915 Praxitele.
871 2851 931 2926 Qui
957 2873 1055 2934 quum
1079 2853 1257 2913 extremum

110 2957 220 3023 locum
240 2958 326 3020 inter
345 2961 470 3040 septem
490 2957 666 3023 statuarios
686 2958 770 3042 apud
786 2958 927 3021 Plinium
946 2963 1060 3022 nactus
1081 2957 1131 3039 sit,
1155 2976 1257 3039 neque

110 3064 178 3128 ullo
203 3063 283 3127 artis
308 3062 427 3127 iudicio
452 3069 594 3147 ornatus,
617 3065 711 3128 huius
736 3070 769 3128 et
792 3064 915 3128 ordinis
935 3068 968 3128 et
987 3065 1108 3127 silentii
1128 3061 1257 3146 permiri

110 3170 273 3234 rationem
296 3169 343 3232 ita
367 3170 522 3253 explicuit
545 3168 720 3251 Bruanius,
749 3174 785 3233 ut
814 3192 908 3252 quem
932 3170 1057 3234 Plinius
1082 3169 1257 3232 ‘marmore

110 3276 289 3341 feliciorem
312 3275 449 3360 ideoque
473 3280 505 3340 et
528 3275 713 3340 clariorem'
739 3277 837 3358 dicat,
861 3299 934 3341 eum
959 3281 1129 3361 propterea
1152 3299 1171 3339 a
1195 3280 1257 3338 sta-

110 3381 293 3446 tua-riorum
335 3381 490 3446 societate
527 3382 733 3446 Varroniano
770 3383 946 3446 seiunxerit
986 3383 1257 3466 reservaveritque

111 3489 312 3572 sculptorum
342 3487 500 3570 recensui,
530 3488 586 3552 ubi
617 3492 724 3552 tamen
755 3489 793 3553 de
824 3511 861 3554 eo
889 3490 1042 3554 iudicium
1071 3488 1258 3554 aVarrone

112 3595 219 3679 priore
247 3595 318 3658 loeo
347 3594 469 3657 sactum
498 3594 715 3678 imprudenter
744 3596 890 3660 omiserit
922 3596 1077 3659 naturalis
1105 3594 1259 3657 historiae

111 3701 319 3783 compositor.
358 3698 442 3764 Nam
468 3704 539 3763 utut
562 3704 654 3764 acute
678 3701 739 3765 hoo
760 3702 979 3785 excogitatum
1004 3703 1061 3780 est,
1084 3703 1195 3762 tamen
1218 3721 1258 3761 ne
1355 3765 1357 3769 ,

112 3807 158 3871 sic
191 3806 321 3891 quidem
354 3806 465 3869 mirari
498 3806 694 3889 desinemus,
727 3830 746 3869 a
774 3807 920 3870 Varrone
952 3804 1144 3868 Praxitelem
1176 3826 1259 3868 mar·

112 3934 201 3977 more
226 3911 401 3995 sculpendo
424 3913 593 3977 clariorem
612 3935 679 3976 non
697 3913 781 3976 iuter
801 3914 987 3996 sculptores,
1011 3911 1065 3975 sed
1088 3912 1172 3974 inter
1195 3915 1259 3975 sta-

113 4020 236 4084 tuarios
261 4022 426 4102 receptum
449 4041 528 4102 esse,
551 4020 668 4102 quihus
693 4041 783 4083 suam
807 4019 1039 4083 hebdomadem
1063 4019 1112 4081 vel
1138 4016 1259 4101 Scopae

113 4129 224 4190 nostro
244 4126 315 4190 loco
334 4147 401 4189 non
420 4126 637 4208 comparentis
656 4148 774 4189 nomen
793 4126 886 4190 docet
905 4125 1014 4189 datam
1032 4124 1143 4189 fuisse.
1174 4124 1258 4189 Nam

116 4233 248 4296 eundem
277 4232 473 4297 Praxitelem
503 4233 554 4297 bis
585 4231 774 4295 aVarrone
803 4231 1007 4314 propositum
1038 4230 1136 4293 fuisse
1167 4253 1260 4294 nemo

118 4320 252 4421 estqui
284 4339 463 4403 crediderit.
515 4340 600 4404 Eum
624 4338 781 4403 Varronis
816 4337 884 4400 sive
917 4359 1055 4401 errorem
1088 4336 1261 4400 fortuitum

121 4444 180 4506 sive
205 4444 347 4508 animum
370 4448 567 4530 pertinacem
590 4470 630 4511 ne
650 4446 868 4527 admittamus,
891 4444 962 4527 ipse
981 4443 1107 4508 Plinius
1127 4442 1260 4507 suadere
