2888 5040
526 122 809 173 commursmvs
1174 107 1236 171 221

140 258 320 331 humionem
353 265 511 330 transisse
544 288 583 331 er
613 287 651 331 ea
678 264 901 349 Stephaniana
931 265 1113 349 suspicetur
1142 288 1239 350 quam

10 348 43 469 μ’
137 389 186 433 mo
206 393 272 438 anno
299 378 376 438 ante
398 372 534 438 Parisiis
563 373 716 437 emissam
744 372 914 455 prodidere
937 370 1239 456 bibliographorum

10 462 39 549 j
134 473 181 538 dlii
205 478 264 544 inde
294 478 336 543 ab
359 478 592 545 Almeloveeno
625 479 664 543 de
696 478 772 543 vitis
802 476 1041 562 Stephanorum
1069 478 1240 562 (Amata

10 564 33 577 υ
133 582 212 671 1683)
232 584 360 670 append.
384 606 414 667 p.
438 584 460 648 5
489 584 529 648 ad
551 583 781 648 Renouardum
809 584 844 648 in
868 584 1023 649 ‘Annales
1047 584 1086 650 de
1109 585 1240 668 l'impri·

24 729 30 759 ⁴,
128 691 209 756 merie
225 691 273 756 des
295 689 469 756 Estienne'
492 691 580 775 (Par.
604 714 632 756 a.
658 689 756 774 1843)
779 696 803 756 t
827 709 840 754 1
863 713 893 774 p.
916 691 974 756 35:
1003 691 1167 756 sciendum
1191 694 1241 754 eet

10 776 31 883 'rs
124 789 200 860 illim
220 797 288 862 anni
318 798 402 862 1531
431 796 619 861 Terentium
646 794 904 880 Stephanianum
932 798 1058 862 nullum
1087 819 1239 881 umquam

123 903 260 968 emotae
281 903 394 988 rideri,
417 908 454 967 ut
477 924 573 987 quem
595 903 764 968 consultae
788 924 807 966 a
826 924 877 967 me
896 903 1112 968 bibliothecae
1130 905 1240 968 lautis-

10 1068 26 1105 ,,
120 1005 209 1074 flimae
221 1031 348 1095 prorsus
366 1009 528 1095 ignorent,
550 1030 610 1074 nec
629 1008 809 1073 Germanae
827 1013 955 1074 tentum
970 1008 1239 1075 vindobonenses

10 1097 12 1105 ’
117 1105 299 1181 Monacensis
321 1114 544 1181 Berolinensis
568 1114 813 1201 Goettingensis
837 1116 1028 1180 Dresdensis
1052 1108 1240 1183 Heidelber-

114 1222 214 1298 gensie
232 1221 498 1288 Vratislaviensis
527 1227 560 1287 et
583 1223 611 1287 si
634 1244 716 1307 quae
740 1224 824 1288 aliae
847 1228 924 1287 sunt
945 1216 1152 1307 Borussicae,
1184 1223 1239 1287 sed

10 1398 14 1420 Ι
113 1322 205 1393 etiam
221 1328 384 1394 leidensis
407 1332 505 1413 atque
528 1327 608 1393 adeo
631 1329 722 1412 ipsae
746 1328 921 1393 Parisinus.
1248 1380 1251 1385 .

197 1433 237 1498 Dr
256 1433 415 1500 Friderici
437 1433 740 1499 Lindenbruohii
763 1435 850 1499 curis
873 1434 1013 1501 Rothius
1035 1435 1118 1499 dixit
1136 1433 1239 1500 Musei

108 1527 207 1607 Rhea
224 1540 243 1605 l.
264 1563 289 1606 s.
311 1562 336 1608 a.
359 1562 391 1624 p.
417 1541 493 1624 175,
517 1541 607 1624 ipsos
631 1540 758 1605 codices
781 1541 831 1605 illi
854 1542 963 1607 nullos
985 1545 1116 1625 praesto
1138 1542 1240 1607 fuisse

107 1636 151 1701 ⁸¹1
185 1645 390 1712 adornandam
423 1646 597 1711 editionem
629 1645 810 1710 Parisinam
843 1648 919 1711 unni
955 1649 1040 1712 1602
1073 1647 1239 1734 (iteratam

105 1735 304 1818 Francofurci
323 1774 352 1817 a.
370 1750 471 1837 1623)
489 1752 671 1836 disputans,
694 1752 750 1816 sed
770 1758 939 1838 excerptas
957 1758 1086 1819 tantum
1104 1778 1121 1820 e
1140 1755 1239 1821 variis

103 1849 260 1922 eodieitur
282 1858 454 1941 lectiones,
477 1879 556 1944 qnae
580 1858 609 1922 ei
633 1859 684 1922 vel
709 1859 918 1924 conlectanea
941 1860 1099 1945 quaedam
1123 1846 1241 1926 biblio-

100 1943 215 2028 *haeae
243 1962 380 2050 Regiae,
412 1964 464 2029 vel
496 1964 586 2049 typis
619 1986 772 2049 expressa
802 1967 1000 2050 exemplaria
1028 1968 1238 2035 Pithoeorum

10 2116 12 2121 .
95 2041 260 2136 Prmeisei
281 2069 451 2156 Patrique,
482 2071 613 2135 conlata
643 2093 681 2136 ea
714 2093 787 2136 cum
816 2094 876 2137 ms.
906 2073 1071 2138 codicibus
1101 2073 1239 2140 Antonii

91 2145 210 2240 Co”tii
243 2181 276 2242 et
310 2176 422 2243 Iaoobi
454 2174 578 2242 Ouiacii
610 2183 852 2243 antecessorum
889 2176 1152 2263 Bituricensium,
1188 2180 1238 2246 vel

84 2260 234 2348 ⁸⁰thoe
255 2283 343 2348 Petri
367 2281 515 2347 Danielis
538 2282 708 2348 Aureliani
736 2285 971 2367 praebuissent.
1016 2284 1061 2348 Et
1087 2285 1147 2350 has
1171 2288 1239 2371 qui·

79 2353 169 2442 dem
191 2388 325 2454 schedas
343 2388 385 2453 ad
403 2388 510 2472 ipsum
525 2387 709 2453 Parisinum
723 2391 756 2454 A
779 2393 943 2472 spectasse
966 2391 1046 2454 satis
1070 2393 1241 2457 confirmat
1336 2391 1337 2394 ’

74 2478 272 2561 ⁰⁰¹¹⁸ensua
298 2495 573 2560 testimoniorum.
618 2494 705 2559 Hinc
732 2497 835 2580 igitur
863 2503 912 2562 est
940 2497 1025 2581 quod
1052 2497 1152 2562 vitam
1181 2498 1240 2562 'Pe-

68 2579 195 2664 remlii
208 2601 401 2686 quibusdam
414 2601 448 2665 in
463 2600 552 2680 locis,
576 2623 687 2666 verum
707 2601 752 2665 eis
772 2607 881 2667 tamen
900 2625 965 2667 non
989 2603 1110 2685 multis,
1134 2580 1239 2668 enien-

91 2690 254 2771 ²2¹dorem
283 2707 396 2790 edidit,
423 2706 513 2771 velut
535 2709 673 2791 receptis
698 2730 780 2792 quae
804 2707 961 2792 Stephani
985 2710 1108 2774 amicus
1132 2711 1239 2795 negle-

57 2789 191 2876 ¹⁸rat
210 2837 240 2897 p.
263 2814 343 2895 205,
366 2813 387 2877 2
414 2814 496 2877 ate
517 2815 624 2896 finem,
661 2816 732 2879 eet
754 2812 787 2879 o.
810 2815 932 2897 caera,
969 2815 1047 2898 soe,
1070 2817 1091 2880 2
1115 2818 1161 2880 us
1183 2818 1240 2900 aa,

54 2875 169 2992 2¹0,
185 2921 225 2984 10
238 2919 271 2985 0.
281 2919 430 3002 Sulpicio,
453 2921 514 2983 211
518 2971 527 3002 ,
540 2921 580 2984 10
595 2919 769 3005 Cosconius,
788 2922 893 3004 212,2
907 2924 1112 3007 sarcinarum,
1131 2925 1239 3005 dpost.

51 2975 132 3066 DQ
159 3026 314 3110 qualibus
335 3048 418 3111 quae
436 3027 506 3109 ipse
520 3048 682 3110 perpauca
697 3028 869 3111 adscripsit
883 3028 1030 3092 codicum
1045 3031 1243 3114 testimonia,

52 3111 251 3196 ‘moniam
279 3137 312 3197 et
340 3131 435 3197 valde
463 3133 618 3217 ambigua
649 3139 726 3198 sunt
757 3157 814 3198 nec
846 3135 931 3198 omni
965 3158 1004 3198 ex
1035 3142 1128 3219 parte
1158 3160 1243 3220 vera,

50 3217 307 3408 {Rammius
337 3239 475 3303 aliorum
504 3260 629 3303 errores
658 3240 814 3324 quosdam
848 3262 976 3323 caveas,
1009 3242 1111 3325 ipsius
1146 3245 1244 3307 verba

207 3345 299 3428 posui
308 3344 350 3430 *).

63 3463 310 3513 &—

75 3639 85 3653 ,
174 3585 363 3656 ⁸)Manarnnt
380 3592 454 3648 enim
472 3591 545 3647 tales
563 3608 670 3647 errores
689 3609 723 3647 ex
737 3609 770 3648 eo
784 3593 970 3663 potissimum,
988 3596 1063 3663 quod
1081 3595 1244 3651 testimonia

175 3674 219 3728 rel
233 3678 288 3732 alia
304 3680 350 3735 vel
370 3680 497 3735 auctiora
514 3680 543 3733 in
562 3680 788 3735 Franeofurtensi
806 3701 832 3752 p.
849 3690 897 3738 631
911 3702 951 3751 sq.
971 3701 1054 3751 quam
1074 3685 1102 3737 in
1117 3685 1244 3739 Parisino

83 3750 123 3805 1)-
150 3760 207 3814 621
218 3781 254 3833 sq.
271 3770 397 3823 errant:
425 3768 660 3837 quemadmodum
684 3770 770 3824 etiam
789 3769 881 3825 Contii
902 3770 1064 3839 Cuiaciique
1087 3772 1193 3826 mentio
1211 3772 1239 3825 in

93 3833 224 3905 tmflius
242 3854 348 3910 demam
371 3858 503 3913 editionis
526 3858 700 3927 praefatione
724 3858 849 3914 accessit.
888 3862 984 3928 {taque
1002 3861 1241 3914 Francofurtensis

108 3937 284 4009 ‘lumenque
300 3945 345 3999 vel
363 3945 475 4000 addidit
487 3948 544 4015 (†)
557 3947 602 4000 vel
618 3946 739 4002 mutavit
752 3951 809 4015 (=)
824 3949 903 4002 uncis
922 3949 1021 4019 saepei.
1043 3979 1075 3988 —
1096 3949 1124 4002 P.
1135 3955 1196 4015 211),
1209 3957 1239 4002 11

112 4006 162 4068 ἦ
183 4035 226 4083 Qu
239 4038 467 4102 consvnrnmve)
486 4047 548 4088 mss.
571 4033 658 4089 Gaias
676 4037 840 4090 consulario.
866 4037 912 4107 [ε
927 4050 974 4090 ns.
994 4051 1021 4091 a.
1043 4036 1128 4090 Cuius
1146 4053 1240 4090 consa-

125 4098 360 4186 ι(1*’2111-111,
379 4126 395 4175 8
415 4121 519 4175 Noram
537 4137 598 4176 mm
615 4124 702 4188 semel)
722 4137 766 4176 ms,
787 4123 919 4177 Danielis.
939 4124 1041 4178 Nooim
1060 4130 1089 4179 ut
1108 4127 1194 4180 semel.
1207 4158 1239 4166 -

131 4192 189 4258 ‘²¹¹2
202 4205 226 4251 ¹⁰
241 4203 284 4267 QV.
301 4214 469 4279 cosconius)
489 4211 583 4264 itaer
602 4225 664 4266 mss,
685 4211 831 4265 edidimus.
851 4212 925 4280 vulg,
946 4213 1080 4267 hactenus
1099 4214 1153 4267 fuit
1172 4215 1240 4269 Con-
