2924 5046
178 307 244 370 278
573 321 608 367 ns
634 320 742 367 vrrssr
764 319 931 366 rsaarmr

179 461 325 514 Terentius
348 479 411 514 eum
436 462 552 514 Donato.
575 462 586 528 Ι
610 461 648 513 In
670 463 724 529 fiac
743 459 819 513 Finis
838 457 1108 513 Commentariorum
1127 456 1203 511 Aelii
1218 457 1288 536 Jlon

250 565 333 618 snper
356 549 398 603 .P.
422 549 547 602 Terentii
570 549 631 602 afri
654 547 820 603 Comoediis.
843 551 854 616 Ι
876 564 927 601 nec
950 564 1004 600 non
1028 545 1140 600 loannis
1159 545 1288 614 Calphnr

250 655 332 706 super
346 637 681 692 Heautontimorumenon
695 636 841 692 foeliciter.
854 640 865 703 Ι
878 636 1004 690 l'enetiis
1022 654 1072 705 per
1085 634 1254 704 Philippum
1268 653 1288 704 p

251 726 324 779 zinm
348 726 502 780 Mantuani
525 729 606 779 Anno
630 725 679 778 diri
697 725 752 779 ,hi
771 724 867 779 CCCC.
888 724 982 778 XClll.
1005 723 1095 793 pridie
1118 739 1209 777 nonas
1234 722 1288 776 Iuli

253 816 379 884 lmpante
397 813 564 881 Augustino
582 813 733 868 barbadico
751 812 926 867 serenissimo
945 813 1079 879 Tenetur,
1097 811 1237 881 principe.

250 902 324 956 Laus
342 902 404 957 deo.
417 906 428 969 Ι
441 902 572 971 Sequitur
589 902 758 971 Registrum.
1245 901 1288 967 sol

179 1078 314 1131 (Initium
340 1079 411 1131 derat
436 1079 467 1130 iu
491 1077 642 1145 erempluri
659 1076 814 1144 Boaneusi)
852 1079 889 1131 Iu
912 1080 966 1144 fiac
983 1078 1044 1131 Hoc
1067 1095 1136 1146 opus
1160 1077 1288 1146 impress

252 1170 296 1219 est
320 1164 471 1218 Mediolani
496 1181 546 1233 per
571 1165 683 1219 loinem
709 1165 847 1234 Angelum
873 1165 1069 1220 Scinzenzsler.
1113 1167 1196 1219 Anno
1223 1166 1288 1220 dom

252 1253 297 1306 ‚lt
316 1266 421 1306 ceccer.
441 1251 487 1306 die
499 1254 509 1318 t
522 1266 586 1306 xix.
606 1253 741 1307 Octobris.
756 1257 766 1321 t
780 1256 911 1322 Sequitur
928 1253 1097 1323 Registrum.
1247 1256 1288 1321 [οἱ

182 1412 211 1465 t'.
231 1410 355 1464 Terentii
378 1410 459 1480 aphri
477 1411 584 1465 Comici
605 1415 706 1480 poetae
729 1412 916 1467 disertissimi
940 1411 1137 1482 Elegitissime
1162 1429 1210 1468 sex
1240 1430 1288 1468 cor

253 1500 311 1553 die:
335 1500 369 1552 cri
392 1499 541 1554 succinctis
554 1503 564 1567 Ι
577 1500 728 1554 admodum
747 1501 966 1569 edpendiosisqae
989 1518 1044 1554 non
1063 1501 1156 1554 minus
1174 1501 1280 1570 tame!

253 1587 365 1640 lucidis:
384 1587 484 1642 Jodoci
499 1587 580 1642 Badii
599 1588 699 1643 ascesii
718 1589 977 1658 explanationibus.
992 1592 1002 1658 l
1016 1621 1048 1629 -
1067 1589 1288 1644 Uennndatan

252 1676 346 1730 rhisiis
370 1678 399 1730 in
424 1677 487 1731 vico
510 1677 714 1731 Matutinornm
735 1680 745 1745 Ι
768 1694 786 1731 a
805 1679 841 1730 ht.
861 1677 993 1732 Durando
1018 1678 1120 1747 gerlier
1164 1680 1190 1731 A
1208 1678 1288 1733 lustr

252 1765 449 1832 iaulxveaul.1
468 1767 507 1820 In
529 1770 584 1833 tiae
603 1765 678 1819 Finis
702 1764 943 1835 elegantissimam
967 1766 1126 1821 remediari]
1143 1765 1277 1821 Terentii

253 1853 428 1909 anotatonib⁹
444 1854 552 1921 Jodoci
573 1854 653 1908 Badii
675 1853 806 1923 mcensij:
828 1855 866 1908 ab
885 1854 954 1909 eodo
973 1853 1116 1924 impensis.
1154 1856 1192 1909 M.
1212 1856 1288 1909 dura

252 1941 362 2012 gerlier.
377 1942 532 2011 impressidi
547 1942 593 1995 ma
602 1942 676 1996 datis
691 1945 751 2010 atqt
764 1942 901 1996 absolutis
914 1942 951 1996 ad
965 1943 1095 1998 calendas
1109 1943 1233 1999 Februa.
1261 1946 1287 1998 A

253 2033 333 2085 iuxta
350 2031 484 2087 Parisier‘r.
504 2031 626 2086 calculos
639 2035 650 2098 Ι
664 2030 1092 2102 htillesimiquingetesimitertij.
1271 2039 1288 2088 4

183 2190 330 2245 Terentius
355 2207 418 2243 eum
468 2190 567 2260 quinqr
589 2191 747 2259 comestis:
773 2207 802 2246 vr
820 2189 944 2245 Donati:
970 2190 1128 2247 Gnidonis:
1155 2192 1288 2263 Cahphur

254 2277 380 2332 Ascensii
399 2295 409 2335 z
428 2278 526 2333 Seruii.
540 2282 550 2349 l
565 2280 634 2334 Cum
656 2280 749 2350 gratia
772 2281 808 2334 ob
831 2281 943 2349 figuras:
957 2282 967 2348 l
981 2282 1013 2334 ut
1030 2297 1061 2349 pr
1079 2280 1108 2334 in
1127 2280 1169 2334 ei⁰
1188 2281 1288 2352 pnileg

260 2368 263 2377 '
286 2368 322 2419 la
339 2368 394 2434 fine
411 2369 579 2436 impressum
599 2368 640 2422 Vc
651 2368 732 2423 netiis
750 2387 800 2438 per
818 2369 954 2422 Lazarum
973 2369 1008 2422 de
1027 2368 1140 2423 Soardis
1161 2368 1208 2423 die
1224 2370 1288 2425 ,XX

255 2455 399 2510 Februarii
418 2456 463 2510 ,ht
484 2456 515 2510 D.
535 2456 595 2510 XII.
633 2455 686 2520 Qui
705 2473 723 2510 a
741 2456 845 2511 Senatu
864 2455 1034 2511 Venetorum
1052 2456 1176 2510 obtinuit
1194 2475 1220 2526 q.
1242 2459 1288 2513 nni

254 2543 423 2617 imprihnere
442 2561 491 2599 sen
509 2544 633 2614 imprimi
650 2543 743 2599 facere
762 2537 865 2600 audeat
883 2561 979 2599 eorum
992 2544 1022 2598 in
1036 2544 1178 2599 territorio
1192 2547 1249 2601 sub
1264 2566 1288 2601 m

255 2638 313 2687 cta:
332 2635 365 2687 ut
384 2633 441 2688 suis
459 2633 489 2686 in
507 2633 605 2703 gratiis
623 2637 710 2703 patet
724 2636 734 2702 fl
748 2634 878 2703 Sequitur
896 2635 940 2688 Ad
954 2634 1099 2689 tectorem
1115 2635 1202 2688 Index
1223 2638 1288 2692 com

256 2720 389 2775 rariorum
403 2722 521 2776 disticha
534 2727 664 2791 quatuor
676 2752 712 2761 -
731 2722 774 2776 Ad
789 2723 915 2778 eundem.
935 2722 1085 2778 Excusatio
1099 2723 1200 2778 Lazari
1214 2725 1288 2780 dius

256 2812 312 2865 triu
332 2841 363 2849 —
384 2809 550 2879 Registrum.
1252 2815 1288 2881 soi

274 3007 335 3071 llis
359 3011 468 3071 autem
492 3029 574 3091 quae
598 3029 695 3092 supra
717 3009 813 3092 posui
836 3010 901 3074 iam
924 3010 1014 3093 typis
1033 3010 1194 3094 expressis
1214 3012 1252 3076 in
1271 3035 1288 3078 n

185 3136 246 3178 nus
273 3135 362 3177 meas
387 3113 535 3196 quintum
563 3111 746 3197 exemplum
774 3116 921 3197 pervenit
944 3116 1079 3180 comiter
1101 3118 1288 3184 transmissi

187 3219 436 3302 aFleekeisen0‚
455 3220 539 3303 quod
559 3219 637 3283 item
662 3220 813 3303 ignorant
834 3219 1061 3305 bibliographi.
1102 3222 1165 3286 Est
1192 3223 1227 3288 id
1252 3225 1288 3290 In

187 3327 330 3391 dunense
354 3324 431 3388 anni
456 3325 555 3408 1502,
578 3325 742 3408 persimile
770 3326 843 3390 aliis
872 3348 953 3409 quae
982 3327 1067 3391 circa
1095 3328 1176 3392 illud
1203 3334 1288 3416 temp

186 3432 377 3518 prodierunt
399 3430 680 3515 Lugdunensibus,
704 3431 808 3495 indice
831 3431 961 3515 quidem
985 3432 1078 3497 hoce:

187 3609 218 3662 P.
238 3605 363 3675 Terentij
390 3604 472 3674 aphri
498 3604 632 3671 comicoit
657 3605 860 3674 elegantissimi
883 3606 921 3659 Co
931 3606 1035 3660 medic:
1062 3624 1079 3661 a
1102 3607 1232 3664 Gnidone
1251 3611 1288 3665 Jn

260 3695 323 3748 nale
346 3693 406 3747 viro
430 3693 500 3766 perd
519 3693 654 3747 litterato
673 3693 848 3747 familiariter
868 3693 1041 3763 explanate:
1062 3710 1072 3749 2
1091 3696 1127 3749 ab
1147 3697 1288 3764 Jodoeo.¹

260 3782 307 3836 dio
321 3781 434 3836 Asoesio
453 3798 554 3837 vnacua
572 3782 804 3852 explanatioibus
824 3801 930 3835 rursum
945 3786 1078 3837 annotate
1092 3785 1153 3852 atqr
1167 3787 1288 3857 mcolgm'

259 3871 326 3938 efiqr
345 3869 439 3925 eiusde
454 3870 561 3926 Arcesii
579 3870 807 3940 prenotameutis
826 3875 886 3940 ator
905 3871 1094 3926 annotametis
1108 3875 1118 3941 fl
1130 3872 1188 3927 suis
1202 3873 1275 3930 loeis

258 3958 357 4012 hibitis
378 3980 396 4032 q
417 3960 634 4027 accuratissime
657 3978 685 4013 sc
708 3977 811 4014 venun:
823 3959 892 4013 daut
915 3960 1018 4029 impres
1028 3978 1065 4015 se.
1085 3962 1148 4029 lia
1167 3963 1223 4029 fiac
1242 3963 1288 4018 Pul

260 4047 383 4117 Terentij
408 4064 428 4101 e.
447 4066 471 4117 q.
490 4064 511 4101 s.
531 4054 691 4117 utsupra.
711 4091 717 4102 .
739 4091 744 4102 .
764 4049 1007 4119 explanationibus
1026 4049 1082 4103 suis
1101 4050 1170 4105 locis
1190 4050 1288 4106 adhibi

259 4153 369 4190 rursum
388 4139 521 4191 annotato
540 4138 601 4205 atqr
621 4137 762 4207 recognitc
777 4151 785 4190 :
801 4137 895 4191 solerti
915 4154 981 4191 cura
1000 4138 1136 4207 castigate
1152 4161 1159 4193 z
1174 4139 1288 4210 impona

260 4224 296 4279 nd
320 4224 377 4278 leui
398 4242 449 4294 per
467 4224 595 4295 egregios
614 4224 687 4278 viros
707 4224 863 4294 Claudium
883 4226 966 4294 Many
985 4241 996 4280 a
1016 4226 1162 4295 Stephana
1181 4227 1272 4284 Balsn

260 4311 413 4366 ractenbus
431 4313 571 4367 mandate.
600 4315 679 4367 Anno
699 4314 735 4366 ab
753 4312 945 4367 incarnatione
963 4313 1069 4368 domiui
1083 4313 1278 4385 diffluum!

262 4417 328 4454 vero
346 4400 558 4456 decimaoctaua
577 4401 731 4457 decembris
750 4401 865 4456 Tiniunt
883 4399 1011 4456 feliciter.
1272 4407 1288 4459 i
