2888 5040
420 377 661 438 stusurouus
685 377 1020 428 ououuuououucxu.
1228 364 1292 428 309

197 519 409 605 Phormionis;
434 556 472 566 -
499 521 580 586 item
602 521 823 588 Mostellariae
843 521 882 604 V,
905 524 936 605 2,
959 522 1001 586 28
1026 519 1152 607 (1149).
1192 522 1292 589 Nullo

200 626 377 692 testimonio
404 632 534 694 constat
555 629 595 693 de
619 629 729 713 aliqua
753 632 914 709 Δημιφῶν
937 628 1056 693 forma:
1086 652 1164 694 nam
1187 630 1291 716 Hygi-

202 755 258 797 nus
288 732 407 799 Astron.
436 734 482 819 ΙΙ,
509 735 555 799 40
582 732 628 821 (p.
650 734 716 799 413
732 757 778 820 sq.
801 733 944 820 Munck.)
973 757 1045 799 cum
1073 734 1291 819 Phylarchum

206 839 371 906 exscribens
392 840 547 924 Demipho
567 840 678 925 posuit
698 841 883 920 identidem,
902 840 1035 905 dubium
1055 862 1120 906 non
1142 846 1192 906 est
1213 842 1291 927 quin

206 944 301 1028 ipsam
325 947 460 1012 latinam
487 947 704 1013 substituerit.
750 947 839 1033 Ergo
868 949 904 1012 in
927 970 965 1012 ea
988 949 1140 1034 analogia
1163 949 1291 1034 aequie-

208 1051 356 1138 scendum,
386 1056 426 1120 de
457 1078 521 1141 qua
544 1053 770 1120 Fleckeisenus
794 1055 944 1139 exposuit
966 1055 1070 1120 Musei
1093 1054 1243 1121 Rhenani
1266 1060 1289 1121 t.

209 1153 282 1220 ΙΠΙ
298 1181 323 1243 p.
343 1161 415 1227 228.
463 1158 526 1243 [Of.
550 1161 667 1245 Opuse.
690 1160 723 1226 ΙΙ
746 1185 776 1245 p.
799 1162 887 1242 488]

179 1259 360 1343 *Διάβολοε
382 1267 589 1333 Diabolus:
617 1266 806 1332 adulescens
829 1267 1009 1333 Asinariae.
1054 1269 1155 1334 Aliud
1178 1271 1288 1356 agenti

212 1363 390 1440 diabulus
423 1374 487 1440 sibi
520 1373 676 1439 excidisse
708 1374 741 1438 in
775 1374 916 1440 editione
947 1375 1174 1441 Fleckeisenus
1207 1376 1288 1442 mihi

213 1471 354 1557 significat

182 1572 402 1655 *Διαπόντιοε
429 1588 681 1673 Diapontius:
710 1586 964 1653 ‘transmarinus
988 1589 1131 1675 hospes',
1155 1589 1287 1655 Mostel-

215 1681 296 1756 luriae
313 1692 349 1779 Π,
371 1696 401 1779 2,
424 1695 467 1760 66
491 1693 595 1782 (497).

184 1784 365 1868 *[Δινάκιον
388 1801 606 1867 Dinacium:
630 1804 722 1887 pueri
747 1804 826 1869 olim
845 1804 1013 1889 vulgatum
1032 1824 1151 1868 nomen
1172 1801 1286 1889 Stichi,

216 1898 258 1962 ted
278 1903 303 1970 id
322 1913 351 1973 et
371 1931 430 1993 per
453 1932 487 1975 se
507 1910 633 1976 ratione
651 1911 844 1976 destitutum
863 1915 896 1976 et
914 1911 993 1995 ipsis
1013 1910 1106 1991 libris
1128 1910 1285 1994 antiquis·

219 2002 288 2073 simis
303 2016 479 2081 auctoribus
498 2039 582 2081 nunc
601 2039 674 2082 cum
688 2017 857 2082 Pinacium
876 2011 1049 2082 mutetum:
1071 2017 1110 2081 de
1130 2038 1192 2101 quo
1212 2016 1284 2081 vide

218 2115 416 2189 praefationem
441 2122 546 2188 Stichi
570 2145 601 2207 p.
625 2123 677 2204 X.]

188 2209 342 2302 Διόδωρος
362 2229 571 2295 Diodorus:
595 2232 743 2314 saltator,
766 2231 884 2296 Persae
903 2231 942 2315 V,
960 2233 991 2316 2,
1009 2232 1052 2296 43
1072 2229 1175 2317 (824).
1208 2229 1283 2295 Non

125 2322 127 2401 J
216 2339 300 2394 mrum
319 2333 347 2400 iu
368 2335 475 2400 titulis
499 2336 621 2400 latinis.

125 2450 127 2455 ·
185 2416 307 2502 *hicnon
325 2439 474 2508 Discus:
497 2443 644 2528 libertus,
667 2443 817 2509 Eunuchi
840 2442 900 2521 ΙΙΙ,
923 2444 953 2526 5,
977 2443 1020 2509 60
1045 2443 1146 2529 (608).

183 2523 278 2603 Δόναξ
293 2541 427 2612 Donax:
452 2571 574 2633 servus,
592 2550 740 2614 Eunuchi
760 2549 816 2633 lv,
837 2551 865 2632 Ι,
884 2551 913 2613 2.
932 2551 953 2613 4
974 2547 1064 2634 (772.
1084 2549 1170 2635 774).
1204 2549 1281 2614 Alia

211 2653 327 2732 exempla
346 2657 572 2742 inscriptiones
596 2659 717 2724 latinae
740 2659 906 2742 praebent.

181 2730 359 2827 *Alohntor
382 2763 587 2828 Dordalus:
618 2764 692 2828 leno
717 2763 844 2828 Persae.
889 2762 962 2827 Nisi
993 2762 1048 2824 ille
1078 2761 1141 2825 fuit
1171 2763 1278 2845 potius

209 2842 410 2937 *Adueniet
432 2845 644 2955 Eorpalus,
668 2895 764 2955 quam
785 2871 924 2935 formam
945 2872 1170 2952 argumentum
1190 2890 1278 2932 acro·

206 2953 320 3037 stichum
335 2981 454 3042 servat:
475 2978 603 3062 quondo
618 2977 778 3042 Dordalus
796 2976 938 3041 nominis
957 2975 1173 3060 veriloquium
1188 2997 1276 3059 pror-

205 3074 248 3124 ΙΙΙ
269 3081 376 3147 nullum
397 3085 431 3148 in
450 3088 603 3168 promptu
627 3106 696 3148 esse
715 3085 781 3148 dixi
801 3085 868 3148 iam
887 3083 921 3146 in
940 3074 1140 3167 praefatione
1160 3082 1277 3146 Persae

203 3180 225 3240 Ρ·
247 3169 294 3248 XI·
332 3191 492 3275 Argutam
516 3188 752 3254 Schneidewini
777 3189 1003 3271 coniecturam,
1027 3188 1078 3252 cui
1102 3187 1275 3267 *Πόρδα-

201 3266 256 3341 λθ(
275 3285 449 3361 Pordalus
468 3319 534 3360 non
553 3297 637 3360 male
657 3298 775 3378 olebat,
799 3296 1048 3360 commemoravi
1068 3318 1135 3379 cap.
1151 3295 1182 3359 ΙΙ
1202 3300 1222 3376 5
1245 3299 1275 3360 l:

199 3389 281 3456 quam
297 3404 398 3468 tamen
417 3424 502 3467 nuno
521 3403 614 3468 video
629 3401 807 3467 Camerarii
827 3403 974 3467 acumine
993 3406 1181 3485 occupatam
1197 3424 1274 3466 esse.

167 3467 303 3588 Aluum
323 3507 515 3574 Dorcium:
540 3510 665 3594 mulier,
688 3509 894 3574 Phormionis
917 3509 941 3591 Ι,
966 3508 1207 3594 2,102(152);
1232 3547 1272 3555 -

191 3584 260 3664 “0¹¹1
282 3616 358 3698 apud
382 3616 566 3700 Turpilium
590 3640 618 3682 v.
642 3618 704 3681 126
718 3616 768 3701 R.;
794 3648 834 3663 ⁴-
855 3639 871 3680 e
896 3617 1026 3680 comicis
1050 3619 1165 3700 quater
1188 3638 1273 3680 com·

188 3703 388 3787 menloretum
411 3722 579 3788 Prisciano
603 3725 623 3787 l.
648 3747 672 3787 s.
696 3747 720 3787 a.
745 3723 804 3788 sub
828 3723 1022 3802 Ἀβρότονον
1046 3727 1079 3785 et
1096 3724 1272 3800 Γλυκέριον.

152 3883 172 3946 Δ
201 3797 226 3913 ,Ι-
249 3821 372 3907 doure<
396 3830 551 3894 meretrix
574 3830 707 3894 Luciani
731 3835 764 3894 et
788 3827 835 3914 (in
858 3829 980 3913 titulis)
1004 3828 1133 3892 Dorceu.

175 3910 295 3998 ρομων
315 3933 465 4001 Dromo:
491 3958 603 4001 servus
624 3936 774 4018 Andriae,
798 3934 977 4019 Adelphon,
1002 3934 1270 4000 Hautontimoru-

175 4016 284 4123 ¹¹¹⁰nu3
305 4043 381 4107 uem
404 4043 576 4108 menariae
598 4042 641 4125 11,
664 4045 695 4127 4,
718 4044 761 4108 35
780 4040 885 4130 (441),
909 4042 1099 4106 Aulularia
1122 4042 1163 4124 u,
1187 4044 1217 4125 o,
1243 4044 1270 4108 n.

143 4091 284 4211 Δωριᾶ(
305 4148 460 4216 Dorias:
485 4150 603 4216 ancilla
626 4149 785 4214 Eunuchi.

132 4194 314 4371 ἓῖβὲῐῐπη
337 4256 510 4342 Dorippa
533 4256 711 4342 (nummu
736 4258 852 4323 mulier
874 4256 1074 4321 Mercatoris.

126 4343 290 4475 Δῶρῑων
311 4361 440 4431 Dorio:
464 4365 538 4429 leno
562 4365 776 4430 Phormionis.

179 4447 267 4527 ⁹0<
289 4465 423 4537 Dorus:
448 4469 612 4537 eunuchus
631 4469 789 4535 nunnoni.
826 4469 936 4535 utiam
960 4470 993 4533 nn
1017 4470 1124 4535 einans
1148 4471 1259 4536 laenis
