2888 5040
210 299 278 363 240
605 316 640 362 m
664 316 773 362 vrrsn
797 315 962 361 rnaanrn

210 459 259 522 die
290 458 342 521 vel
375 459 420 522 bis
451 460 487 522 de
518 459 662 539 integro]
697 458 747 522 vel
780 459 826 522 bis
856 459 982 537 rideam]
1017 457 1068 520 vel
1100 456 1149 521 bis
1178 460 1328 543 (ἰάψει)

211 563 353 639 Quorum
376 565 432 627 illa
455 586 538 648 quae
561 564 668 628 media
689 563 784 647 posui
806 585 875 628 esse
894 563 1076 641 ταύτολόγα
1096 567 1244 647 apparet:
1266 586 1323 648 qu

210 676 318 734 autem
341 671 446 753 primo
470 672 550 754 loco,
574 693 611 736 eo
635 671 785 753 displicet
809 671 894 754 quod
919 671 1073 754 profecto,
1096 675 1133 735 ut
1156 670 1328 755 singulare

209 776 348 860 gratiam
372 776 471 840 fuisse
490 775 640 841 Eunuchi
663 777 866 858 probaretur,
889 798 954 841 non
978 799 1058 859 opus
1084 780 1156 841 erat
1172 776 1282 842 eodem
1301 790 1328 853 d,

209 881 326 946 iterata
349 882 474 966 fabula,
506 883 561 946 sed
585 883 664 946 satis
689 886 759 946 erat
782 904 839 965 per
861 880 1035 946 eorundem
1058 882 1207 946 ludorum
1228 904 1328 953 eorum

210 1008 271 1070 que
296 1008 395 1050 novas
421 986 547 1050 fabulas
571 987 773 1068 poscentium
793 987 993 1051 occasionem
1014 987 1119 1051 denuo
1139 987 1328 1073 efflagitatas

208 1092 375 1176 prodiisse.
420 1090 491 1155 Hae
524 1093 623 1175 igitur
654 1114 704 1155 me
734 1114 868 1156 caussae
896 1098 1068 1157 moverunt
1097 1099 1135 1158 ut
1156 1095 1328 1176 praeferrem

209 1198 294 1282 quod
318 1198 455 1261 maxime
479 1199 613 1282 simplex
638 1199 752 1281 visum,
775 1200 822 1264 bis
841 1201 979 1280 deiaeeps
996 1199 1027 1263 h.
1046 1220 1072 1264 e.
1093 1199 1244 1264 ‘zweimal
1257 1199 1328 1263 naci

209 1302 383 1368 einander'.
1208 1374 1211 1379 ,

297 1409 401 1473 Versu
424 1410 442 1473 3
466 1411 527 1473 etsi
549 1411 649 1474 idest
671 1411 806 1476 voculae
829 1433 870 1475 ne
894 1434 913 1475 a
936 1411 1044 1475 codice
1067 1411 1099 1475 A
1124 1411 1256 1495 quidem,
1275 1406 1328 1491 sed

210 1516 251 1579 ab
278 1538 340 1579 uno
363 1516 397 1580 B
421 1517 552 1591 absunt,
580 1520 689 1580 tamen
713 1540 733 1580 a
757 1517 911 1582 Suetonio
935 1519 1073 1600 scriptas
1097 1538 1168 1610 esse
1189 1538 1252 1582 eun
1269 1514 1327 1579 Do

209 1621 280 1685 nati
308 1623 485 1686 auctoritas
513 1625 582 1685 tum
606 1623 758 1705 loquendi
781 1628 814 1686 et
836 1623 920 1686 ratio
944 1626 977 1686 et
999 1622 1198 1687 consuetudo
1218 1626 1325 1706 negent

210 1727 299 1792 Nihil
324 1728 410 1790 enim
434 1728 591 1792 eiusmodi
614 1728 647 1791 in
663 1727 785 1791 Donati
809 1728 861 1791 his
885 1728 1005 1793 verbis:
1023 1750 1142 1810 proque
1159 1750 1195 1795 ea
1205 1729 1322 1812 pretam

209 1837 290 1916 qaod
317 1835 399 1899 nulii
425 1840 496 1898 onte
526 1836 626 1916 ipsam
652 1834 777 1914 sabratae
803 1835 942 1916 contigit,
973 1839 1038 1898 octo
1065 1836 1158 1900 milia
1181 1835 1318 1901 emmau

209 1945 408 2005 aremerorent
426 1945 549 2021 poetae:
582 1940 637 2004 ubi
664 1961 832 2022 perperam
861 1944 894 2002 et
919 1939 1061 2018 sodidum
1085 1946 1119 2006 et
1139 1941 1252 2007 meaa
1268 1936 1316 2003 ud

109 2123 119 2136 .
209 2050 317 2129 gatar„
354 2045 452 2110 Ratio
477 2050 585 2109 autem
609 2049 643 2108 et
666 2067 743 2108 usus
767 2045 827 2107 etsi
850 2046 950 2109 idest
971 2043 1313 2130 vellacesepartieds

210 2173 268 2216 nee
290 2172 365 2214 raro
388 2172 448 2214 nec
467 2172 530 2215 uno
549 2151 644 2215 modo
664 2150 809 2213 admisit:
833 2171 914 2233 quae
933 2171 1053 2235 genera
1071 2146 1313 2217 identidembisb

211 2259 315 2340 vigies
339 2257 512 2339 explicavit
534 2257 568 2319 in
593 2255 657 2320 Cic.
681 2255 720 2319 de
744 2256 797 2319 fin.
820 2278 850 2338 p.
874 2256 1019 2320 72139.
1045 2258 1117 2321 144.
1142 2258 1216 2323 264:
1234 2260 1311 2320 tanes

210 2363 251 2426 ab
275 2363 336 2444 eis,
364 2382 445 2445 qnae
469 2361 608 2444 simplici
632 2361 846 2444 appositionis
870 2362 1104 2445 grammaticae
1127 2362 1245 2427 vinerdo
1261 2378 1309 2423 aaa·

209 2470 367 2550 tinentur,
400 2468 584 2552 segregavit
612 2466 883 2531 constantissime.
930 2465 1016 2541 Quas
1044 2468 1164 2552 ubique
1191 2468 1232 2532 ita
1249 2480 1310 2529 usur

208 2577 302 2655 petas
325 2574 465 2656 reperies
484 2579 530 2657 ut,
554 2596 651 2658 quam
671 2572 746 2657 quid
768 2574 831 2636 vim
849 2572 978 2654 habeat,
1002 2595 1101 2656 quam
1121 2574 1171 2638 vel
1185 2572 1309 2639 noriam

208 2679 258 2743 vel
288 2680 483 2744 sententiam
512 2683 641 2764 aequet,
668 2664 862 2743 decla'retur:
895 2699 959 2761 quo
986 2678 1025 2741 fit
1053 2682 1091 2742 ut
1119 2700 1190 2743 eum
1210 2670 1308 2761 singuli!

155 2817 195 2857 aar
208 2786 394 2849 nominibus
418 2792 451 2849 et
474 2785 639 2850 vocabulis
663 2788 732 2848 tum
756 2784 836 2866 ipsis
860 2804 967 2846 rerum
990 2783 1228 2848 condicionibus
1242 2774 1328 2861 61ρῦ

208 2892 319 2954 caudis
349 2889 571 2955 adhibeantur.
616 2889 729 2972 Velut,
760 2891 792 2952 in
823 2891 893 2972 ipso
923 2886 1081 2953 Suetonio
1110 2894 1148 2954 ut
1172 2910 1220 2955 me
1241 2880 1328 2951 meti!

208 3017 311 3078 neam,
335 2996 368 3059 in
391 2995 460 3058 vita
479 2994 508 3057 d.
522 2994 581 3057 Iul.
596 3014 620 3057 c.
636 2994 678 3057 56
698 2993 766 3076 ‘per
784 2999 874 3058 notos
892 2993 1033 3076 scripsit,
1052 2994 1145 3059 idest
1160 2995 1205 3060 sie
1221 2990 1307 3058 sua

208 3101 389 3165 litterarum
414 3099 525 3164 ordine
548 3105 585 3162 ut
604 3098 730 3162 nullum
749 3099 884 3162 uerbum
903 3099 985 3163 effici
1005 3098 1143 3184 posset'3
1166 3101 1241 3185 Aug.
1253 3088 1307 3161 affl

209 3204 483 3287 ‘ortboyrapbiam
519 3205 554 3268 id
588 3208 631 3268 est
666 3202 840 3267 formulam
876 3203 1101 3288 rationemque
1137 3200 1308 3271 senardi·

208 3310 429 3395 grammaticis
453 3308 662 3392 institutam'3
686 3308 778 3372 Galb.
798 3330 823 3372 e.
843 3310 863 3372 3
888 3308 984 3392 ‘quod
1007 3309 1042 3372 in
1063 3310 1217 3378 diuturna
1230 3306 1309 3375 uslifl·

209 3416 282 3481 dine
309 3416 427 3498 gallico,
455 3417 490 3481 id
517 3422 560 3482 est
581 3416 733 3481 remediis
757 3416 833 3479 lana
856 3415 1011 3480 inuolutis
1036 3417 1166 3483 assidue
1188 3402 1311 3482 saraed

208 3522 333 3588 Rursus
353 3521 476 3587 Galbae
499 3543 525 3586 c.
544 3524 564 3587 8
588 3521 657 3586 ‘nec
681 3521 852 3586 defuerunt
871 3521 926 3605 qui
944 3521 1234 3604 interpretarentur
1246 3510 1313 3605 ψ’·

207 3628 298 3693 ficari
326 3648 433 3692 rerum
461 3628 672 3692 mutationem
704 3648 989 3711 successurumque
1017 3626 1130 3693 inueni
1153 3650 1264 3711 senem,
1280 3622 1315 3691 ΙΙ

207 3739 252 3799 est
273 3734 379 3817 ipsum
398 3732 546 3817 Neroni'3
569 3733 691 3798 Tiberii
715 3754 741 3797 c.
761 3734 804 3796 24
828 3732 981 3797 ‘statione
1003 3732 1160 3819 militum,
1181 3734 1232 3801 boe
1248 3722 1321 3800 dli

209 3844 242 3904 et
275 3839 380 3922 specie
409 3839 639 3905 dominationis
667 3837 856 3920 assumpta'.
901 3837 952 3902 Ad
980 3836 1098 3903 horum
1125 3838 1238 3924 igitur¹
1263 3838 1328 3937 qui.

175 4022 180 4031 Ι
209 3945 323 4010 ultima
349 3946 457 4028 posui,
484 3945 729 4009 similitudinem
756 3949 793 4008 ut
820 3943 942 4028 largiar
968 3943 1117 4026 potuisse
1146 3936 1328 4023 sorim&

208 4052 320 4116 scribi:
344 4050 534 4135 ‘meruitque
559 4058 632 4116 octo
656 4051 747 4115 milia
769 4071 946 4131 nummum,
968 4051 1004 4114 id
1024 4055 1070 4114 est
1091 4051 1233 4135 pretium
1251 4066 1328 4137 qu·

207 4163 277 4222 tum
300 4157 390 4221 nulla
413 4161 510 4221 antea
533 4157 722 4241 cuiusquam
747 4153 933 4237 comoedia',
956 4157 1066 4219 tamen
1092 4156 1206 4221 eadem
1226 4154 1328 4223 inm'

209 4265 320 4329 ordine
344 4263 406 4327 dici
432 4263 537 4326 fuerat
560 4262 810 4345 putidissimum.
850 4259 924 4324 Non
948 4265 999 4324 est
1022 4260 1127 4344 igitur
1145 4246 1328 4333 dubitandu'

209 4372 285 4455 quin
310 4369 371 4433 hoc
394 4369 575 4451 exemplum
600 4369 664 4432 illis
689 4366 828 4449 accedat,
853 4367 968 4450 quibus
993 4370 1051 4430 aut
1074 4368 1166 4447 solae
1186 4367 1225 4433 id
1243 4372 1328 4435 ertu
