2924 5046
550 325 833 375 consensimus.
1197 306 1261 370 267

122 469 195 533 satis
216 470 286 533 iam
307 469 394 533 dolui
415 490 453 534 ea
474 470 580 535 uniam
599 475 628 534 et
644 489 719 534 airu
737 469 815 533 sutis
833 489 880 533 ure
897 472 927 533 et
943 468 1089 533 wamia
1107 467 1264 531 maenum

118 575 207 661 (oum
235 597 300 660 quo
328 596 446 661 genere
475 575 609 641 miscere
632 575 702 640 noli
726 575 810 660 quod
834 597 968 659 prorsus
992 573 1113 659 dispari
1137 573 1263 639 eonfor-

117 681 262 748 mationa
284 682 519 747 sententiarum
542 681 665 747 dictum
689 685 739 746 est
762 679 886 746 Cistell.
909 699 937 765 1,
963 683 994 765 1,
1019 682 1058 746 61
1084 681 1164 745 moze
1186 679 1264 744 mati

114 791 177 870 est,
203 789 285 854 mule
306 809 460 853 nascerer:
492 790 575 854 dola)
603 789 642 853 ob
664 789 783 872 aniam,
812 788 895 852 doleo
918 788 957 852 ab
979 788 1088 867 oculis,
1118 787 1202 852 doleo
1224 786 1264 850 ab

113 891 333 982 matidiae).
370 895 470 961 Recte
493 895 578 959 idem
598 895 733 960 Plautus
757 898 789 959 et
812 896 1042 960 convenienter
1063 894 1182 958 rationi
1200 914 1264 977 ayo

113 1005 185 1068 met
209 1023 256 1068 me
283 1022 377 1084 eoquo
406 1007 435 1066 et
462 1022 581 1067 umero
608 1007 637 1067 ct·
662 1003 789 1083 desctiqo
812 1000 992 1066 Trinummi
1015 1024 1043 1066 v.
1068 999 1148 1064 225:
1185 999 1264 1063 item

111 1109 208 1173 recte
229 1109 284 1173 hoe
306 1129 354 1172 uae
374 1108 499 1189 faciam
521 1110 670 1174 miserum
692 1112 828 1173 amant
848 1127 1007 1190 meuuzque
1028 1128 1080 1172 eor
1101 1119 1266 1189 corpusque

110 1216 237 1279 aaut
257 1214 402 1279 Gloriosi
426 1238 455 1280 v.
474 1216 549 1299 616,
572 1216 623 1280 vel
647 1215 746 1280 etiam
771 1213 948 1297 simplicius
973 1217 1005 1278 et
1029 1213 1190 1278 contario
1215 1235 1265 1276 or·

109 1317 200 1383 dine
220 1312 390 1386 Terentius
413 1322 448 1385 in
470 1321 597 1386 Andria
618 1344 648 1386 v.
672 1322 736 1387 886
763 1341 840 1404 ocior
863 1341 911 1385 me
932 1320 1092 1385 morracio?
1120 1341 1197 1402 quor
1219 1340 1266 1384 mc

106 1427 278 1494 rnaeero?:
309 1450 385 1492 nam
413 1427 473 1492 has
501 1428 630 1512 quidem
659 1428 807 1493 notiones
834 1432 872 1492 ut
899 1427 1018 1511 dispari
1048 1426 1185 1510 origine,
1218 1425 1265 1490 ita

101 1533 191 1612 pari
219 1534 306 1599 inter
335 1556 369 1599 se
397 1535 559 1621 gravitate
583 1556 653 1600 esse
676 1535 820 1600 omnium
845 1535 967 1619 optime
992 1532 1129 1599 Casinas
1152 1555 1265 1598 versus

97 1633 216 1705 docet
237 1659 271 1726 11,
295 1642 324 1726 8,
348 1643 368 1706 9
392 1643 519 1708 illenim
541 1663 588 1706 me
609 1642 687 1707 alter
709 1643 833 1720 emant,
855 1642 934 1705 azar
956 1646 1098 1705 runcant.
1130 1639 1177 1705 Vt
1199 1661 1266 1704 non

93 1743 222 1812 mirer
248 1749 276 1813 si
305 1748 376 1833 quis
406 1747 491 1832 apud
515 1745 705 1812 Suetonium
735 1746 875 1813 secundo
903 1747 974 1811 loco
997 1747 1140 1830 positum
1163 1747 1266 1812 multo

89 1848 237 1920 exilius
259 1855 343 1919 doleo
366 1855 500 1919 verbum
517 1876 567 1919 *ex
590 1855 880 1937 interpretamento
903 1855 1046 1936 repetere
1070 1850 1267 1937 Caesarique

86 1971 218 2026 ¹‘mem
240 1961 295 2027 hoe
317 1981 463 2040 umecror,
486 1961 541 2026 doc
558 1962 677 2026 crucia
698 1961 841 2024 tribuere
864 1959 1009 2025 animum
1033 1959 1173 2024 inducat.
1203 1959 1267 2023 Ve-

81 2077 183 2128 rum
214 2067 243 2133 is
266 2071 378 2132 tamen
401 2068 454 2132 rix
477 2067 612 2132 habebit
630 2090 687 2133 cur
705 2067 797 2132 illum
816 2069 909 2133 tanto
929 2066 1028 2131 animi
1049 2067 1166 2130 affectu
1184 2071 1267 2131 tam·

80 2182 168 2244 ‘lue
203 2175 371 2240 concitato
395 2194 512 2259 genere
536 2173 687 2258 loquendi
710 2196 804 2239 usum
827 2194 897 2239 esse
916 2174 950 2238 in
968 2179 1037 2239 tam
1055 2173 1120 2238 leni
1139 2178 1173 2239 et
1191 2174 1267 2238 sim-

78 2267 190 2348 plici
216 2302 332 2345 caussa
350 2280 447 2345 dicat.
478 2279 566 2345 Nam
585 2284 621 2345 ut
640 2280 680 2345 ad
703 2280 864 2365 perfectae
888 2280 968 2344 artis
992 2284 1026 2345 et
1046 2281 1267 2364 praestantiae

78 2387 286 2471 exemplar
313 2386 437 2470 aliquid
465 2386 576 2451 deesse
600 2386 752 2453 Terentio
781 2386 990 2472 iudicaretur,
1017 2387 1068 2452 vel
1091 2407 1191 2451 unam
1212 2387 1268 2453 hoc

78 2477 203 2554 ‘1⁰1oe
237 2491 301 2556 diei
334 2492 415 2557 satis
448 2495 530 2557 erat:
567 2493 676 2575 potuit
706 2492 793 2556 haud
826 2491 921 2558 dubie
951 2493 1118 2577 aliquanto
1148 2493 1266 2560 fortius

79 2585 221 2662 effiam
234 2617 333 2662 unum
346 2597 401 2663 hoc
413 2618 551 2664 maceror
564 2599 615 2663 vel
629 2619 728 2663 arcum
745 2598 800 2664 hoc
817 2601 935 2664 aanor
953 2598 1030 2662 dici:
1054 2598 1110 2663 sed
1129 2599 1266 2665 nimium

82 2701 186 2763 erat
215 2703 363 2788 profecto
388 2708 421 2768 et
443 2727 543 2789 prope
566 2704 715 2788 putidum
736 2705 787 2769 rel
810 2705 864 2770 icoo
882 2705 974 2788 douo,
991 2704 1046 2770 hoe
1063 2696 1199 2771 rriuceror
1216 2706 1267 2770 vel

83 2795 200 2871 a‘11³0
230 2811 285 2876 hoc
312 2832 458 2891 maceror,
484 2811 539 2877 hoc
565 2813 691 2877 crucior.
739 2811 828 2897 Ergo
857 2833 895 2876 eo
925 2811 1072 2876 ducimur
1095 2817 1132 2879 ut
1155 2813 1268 2878 fallere
1386 2861 1389 2868 ,

85 2910 215 2981 verbi
237 2916 268 2982 h.
283 2939 310 2981 e.
328 2917 468 2998 ῥήματος
491 2917 632 3001 speeiem
655 2919 927 3002 persentiscamus
952 2920 1048 3001 atque
1072 2918 1159 2983 aliud
1179 2920 1267 3004 quid-

89 3001 193 3083 dam
225 3024 326 3088 latere
353 3024 388 3087 in
417 3024 573 3087 memoria
600 3023 758 3088 librorum
787 3024 994 3107 suspicemur.
1045 3024 1167 3100 Quodsi
1196 3025 1268 3110 quis

93 3108 144 3177 <le
176 3129 306 3195 ausus
330 3128 465 3214 agisa,
492 3129 602 3213 qualia
623 3129 735 3194 usna
758 3130 823 3195 sua
846 3151 945 3195 unum
966 3130 1022 3196 aa
1043 3152 1192 3217 mmor,
1214 3132 1270 3198 aa

97 3217 207 3297 (ἶθσέο
231 3237 284 3303 tetri
310 3274 360 3319 —,
383 3234 434 3300 vel
456 3235 511 3301 hoe
533 3235 619 3320 laete,
642 3237 693 3301 vel
716 3237 771 3302 hoe
792 3237 891 3317 dulei,
915 3242 947 3331 et
971 3238 999 3303 si
1023 3260 1105 3324 quae
1129 3243 1204 3304 suut
1227 3239 1267 3303 si·

103 3330 228 3426 milia,
247 3343 328 3409 haec
351 3347 461 3408 tamen
484 3343 594 3407 omnia
616 3344 684 3409 suis
708 3344 836 3429 singula
859 3345 1071 3425 incommodis
1090 3346 1198 3431 eisque
1217 3350 1269 3410 sat
1359 3348 1363 3356 '

108 3450 279 3516 gravibus
307 3449 457 3516 laborare
485 3450 582 3515 facile
606 3451 810 3536 perspicitur.
856 3450 925 3516 Nec
948 3453 1203 3518 obliviscendum
1228 3453 1269 3517 ad

114 3534 166 3608 *⁴0⁶
208 3579 385 3641 pronomen
416 3579 476 3622 nos
506 3557 657 3641 delapsos
690 3558 731 3622 ab
762 3579 800 3622 eo
830 3581 962 3642 prorsus
990 3559 1157 3623 aberrasse
1184 3559 1268 3624 unde

118 3658 403 3729 proficiscendum:
439 3664 594 3729 aridulae
622 3665 674 3729 vel
705 3683 881 3731 aunonno.
930 3665 969 3730 In
997 3687 1060 3750 quo
1088 3667 1145 3728 aut
1172 3663 1324 3728 fallorsss

120 3759 168 3820 aui
200 3769 286 3835 nihil
310 3769 398 3836 aliud
420 3770 486 3835 nisi
509 3787 673 3836 sunnone
696 3770 837 3835 delituit:

290 3929 393 3995 Vama
414 3929 469 3994 hoe
490 3949 627 3995 moeror
648 3930 799 3996 aureolo
823 3929 879 3995 tibi
900 3931 981 3996 desse
1005 3931 1135 3996 Terenti.

123 4087 287 4155 aureolam
313 4089 401 4154 enim
423 4091 517 4155 etad
536 4089 658 4156 umbram
680 4091 871 4155 ediscendum
894 4091 1028 4156 libellum
1051 4089 1216 4156 Crantoris
1240 4091 1269 4156 si

127 4179 239 4262 wbuit
258 4192 369 4261 Cicero
391 4195 497 4261 dicere
519 4195 617 4260 Acad.
641 4215 675 4279 11,
689 4196 827 4280 44,135‚
850 4195 927 4261 item
951 4199 1108 4263 orireolom
1131 4200 1268 4263 oratiun-

133 4283 235 4362 tdwru
261 4299 296 4367 C.
318 4300 423 4367 Laelii
454 4302 493 4367 de
522 4306 588 4368 nat
618 4302 704 4368 deor.
728 4322 782 4387 111,
808 4305 858 4388 17,
881 4306 933 4389 43,
966 4304 1077 4389 quidni
1110 4304 1269 4368 aureolum

140 4402 261 4485 9⁰th
282 4430 379 4495 quem
400 4409 437 4474 in
459 4392 584 4474 deliciis
606 4406 741 4473 haberet
763 4407 905 4475 Caesar?
1091 4413 1094 4418 ’
