2924 5046
582 347 865 397 connmnrnnrvs.
1229 332 1295 397 275

133 479 252 550 fallor
272 508 368 570 quarn
391 487 466 552 huie
489 490 684 575 propiorem,
707 491 761 555 hie
785 491 928 554 subicere
952 490 1073 573 placuit
1097 494 1129 555 et
1149 491 1294 556 emenda·

132 594 216 656 tam
253 594 445 678 aliquotiens
478 600 511 659 et
539 618 577 659 ex
606 600 675 660 arte
703 595 901 660 adnotatam.
954 594 1068 678 Itaque
1096 618 1154 680 pro
1182 598 1293 662 funda·

132 704 261 765 mento
284 723 353 765 6666
377 702 520 766 codicem
539 703 721 767 Parisinum
745 703 988 766 membraneum
1009 703 1097 766 7902
1117 701 1178 789 (A)
1199 705 1295 781 volui,

133 806 269 870 saeculi
291 811 327 871 ut
350 807 453 873 fertur
476 827 526 887 xl,
550 831 737 893 possessum
761 809 838 873 olim
863 832 882 872 a
904 808 1002 873 Petro
1026 808 1177 875 Daniele:
1206 810 1292 874 lacu-

133 929 264 976 nosum
287 934 364 977 sane
388 918 422 978 et
444 919 482 979 ut
503 938 564 980 usu
588 916 698 980 venire
721 916 754 978 in
781 915 842 979 tali
861 935 977 999 genere
997 915 1080 979 solet
1097 916 1295 998 mendosum,

135 1016 196 1080 sed
233 1041 270 1083 ex
300 1021 483 1104 antiquiore
511 1024 547 1086 ut
570 1022 697 1086 videtur
719 1021 809 1085 fonte
833 1021 971 1085 ductum.
1018 1019 1078 1085 Cui
1102 1022 1223 1087 saeculi
1246 1039 1294 1084 xv

135 1118 346 1190 Basileensis
373 1126 409 1192 F.
433 1146 488 1212 111,
516 1128 537 1191 2
561 1124 624 1214 (B)
657 1132 690 1192 et
712 1127 879 1192 Parisinus
915 1127 997 1192 1441
1034 1125 1093 1213 (P)
1127 1128 1294 1192 accedunt:

137 1248 284 1309 quorum
307 1232 360 1298 hic
384 1233 504 1318 insigni
528 1235 688 1317 exemplo,
712 1234 872 1318 quomodo
897 1234 1051 1318 serpserit
1074 1233 1294 1318 interpolandi

136 1332 280 1402 licentia
302 1343 475 1403 monstrat.
520 1340 652 1405 Praeter
674 1341 735 1405 hos
759 1345 839 1425 1166,
863 1362 880 1404 6
904 1342 1019 1425 quibus
1044 1345 1227 1425 excerptam
1251 1341 1292 1404 ab

136 1436 333 1510 Hunzikero
361 1445 612 1530 discrepantiam
641 1447 820 1531 scripturae
847 1446 988 1512 Rothius
1016 1445 1121 1511 Musei
1144 1446 1292 1510 Rhenani

137 1547 161 1608 t
189 1567 246 1614 xn
268 1575 299 1635 p.
326 1553 388 1617 186
403 1575 473 1636 sqq.
496 1553 680 1637 proposuit,
702 1554 748 1618 M
766 1553 832 1617 dixi
856 1575 873 1617 e
896 1554 1002 1618 tribus
1025 1552 1190 1618 codicibus
1215 1552 1292 1616 Am·

137 1650 324 1738 broaianis,
352 1681 511 1742 nusquam
539 1659 625 1723 inter
652 1681 686 1723 se
710 1659 886 1743 distinctis,
912 1659 1075 1744 proditam
1099 1660 1139 1724 ab
1163 1659 1291 1744 Angelo

137 1753 236 1825 Maio
260 1763 371 1847 vitam,
395 1785 478 1846 quae
497 1765 598 1828 estin
617 1786 654 1828 6ο
673 1764 758 1829 libro
778 1787 873 1849 quem
892 1764 948 1828 ille
962 1763 1138 1830 Mediolani
1158 1788 1184 1830 a
1206 1765 1292 1830 1815

137 1863 190 1927 sic
229 1869 422 1953 inscriptum
455 1870 567 1935 edidit:
605 1869 660 1934 ‘M
692 1870 770 1935 Acci
803 1870 912 1934 Plauti
944 1869 1128 1954 fragmenta
1160 1869 1292 1934 inedita.

137 1963 230 2038 llam
261 1977 303 2041 ad
327 1976 360 2041 P.
384 1975 570 2041 Terentium
594 1977 882 2041 commentationes
905 1978 938 2040 et
960 1975 1107 2058 picturae
1129 1973 1292 2040 ineditae'.

137 2069 208 2141 Vbi
235 2082 274 2148 de
296 2083 390 2147 libris
413 2083 479 2148 illis
503 2084 549 2148 sic
567 2086 707 2148 testatus
727 2086 777 2147 est
794 2104 825 2166 p.
844 2083 900 2146 37:
925 2081 1026 2147 ‘Haec
1045 2081 1187 2148 Terentii
1204 2080 1292 2165 Vita,

139 2187 291 2254 nondum
314 2192 453 2274 utputo
476 2191 624 2275 vulgata,
647 2194 737 2254 extat
759 2190 793 2254 in
815 2187 1042 2255 Ambrosianis
1066 2189 1229 2254 codicibus
1253 2187 1291 2254 D.

140 2281 186 2348 ’19
212 2299 249 2360 61
270 2295 307 2360 Ο.
333 2296 395 2360 109
418 2300 503 2380 part.
525 2319 608 2381 sup,
632 2298 666 2362 in
689 2297 806 2380 quibus
830 2301 863 2361 et
886 2298 1002 2363 dicitur
1025 2299 1177 2380 excerpta
1200 2318 1217 2360 6
1240 2317 1292 2358 ve·

137 2389 336 2492 tututissimo
357 2402 476 2467 codice.
527 2401 630 2467 Extat
658 2403 737 2466 item
767 2403 798 2466 in
830 2404 939 2469 codice
965 2403 1000 2468 F.
1028 2404 1071 2467 92
1101 2406 1184 2486 part.
1213 2423 1291 2484 sup,

137 2494 199 2562 ubi
229 2506 417 2571 inscribitur
439 2507 654 2573 Prooemium
675 2529 796 2590 11611161,
827 2511 865 2572 ut
890 2509 1044 2573 nimirum
1072 2508 1292 2592 distinguatur

138 2618 160 2713 8
185 2602 332 2679 Terentii
356 2612 435 2677 Vita
465 2615 571 2678 studio
594 2614 787 2679 Petrarchae
816 2615 977 2698 descripta
1004 2614 1052 2699 (et
1079 2611 1179 2700 edita)
1209 2636 1290 2698 quae

138 2722 177 2770 m
213 2720 323 2784 eodem
353 2741 411 2784 ms.
439 2722 585 2804 proxime
612 2720 843 2805 praeponitur.’
875 2759 912 2768 —
943 2719 1095 2785 Ceterum
1125 2722 1290 2803 interpun-

140 2813 285 2890 ctionem
307 2827 407 2891 tacite
431 2828 563 2892 correxi.

521 3162 641 3227 vrrn
669 3161 911 3228 1111611111
1301 3201 1341 3243 ,,,

238 3303 413 3390 Terentius,
435 3303 515 3368 Afer
538 3325 654 3389 genere
672 3303 930 3389 Kartaginensis,
952 3327 1031 3388 puer
1054 3309 1166 3387 captus
1186 3308 1289 3370 66161

152 3407 174 3450 8
205 3411 330 3487 quodam
353 3410 506 3475 Terentio
530 3410 661 3475 Lucano
690 3417 827 3494 emptus.
872 3410 990 3474 litteris
1014 3412 1138 3495 graecis
1161 3412 1287 3476 latinis-

154 3512 220 3576 que
237 3515 409 3582 instructus
432 3538 505 3581 oum
529 3517 686 3581 liberatus
710 3522 808 3600 esset,
837 3539 912 3581 mox
935 3523 1069 3601 propter
1092 3519 1288 3601 elegantiam

188 3643 357 3668 „5-

229 3727 354 3798 llncipit
370 3727 433 3782 uita
446 3727 570 3782 Terentii
585 3729 612 3781 A
684 3727 779 3782 26161
796 3729 920 3797 natione,
939 3744 1039 3798 genere
1053 3727 1089 3779 B.
1108 3743 1209 3796 genera
1228 3726 1288 3796 qui·

160 3788 323 3870 (18116111111
339 3815 420 3885 Afer,
444 3815 513 3870 cinis
531 3816 782 3872 661661160166.
873 3815 1158 3886 CarthaginensisM
1245 3817 1289 3868 est

161 3881 204 3956 et]
220 3900 318 3958 6166·
370 3858 554 3967 lliberarius
568 3905 603 3960 B.
623 3905 753 3960 librarius
769 3905 842 3960 M.
844 3923 910 3960 mox
927 3906 1000 3959 hune
1014 3902 1158 3957 librarium
1174 3901 1285 3956 asciuit’

164 3964 194 4019 Ρ
190 3993 328 4052 proxim
344 3992 473 4049 6111116111
489 3995 574 4048 talia:
601 3993 649 4062 qui
668 4011 731 4048 cum
749 3993 941 4048 familiaritate
961 3993 1059 4063 [uoluit
1077 4009 1140 4046 cnm
1158 3991 1187 4044 in
1206 3990 1287 4044 lami-

164 4050 309 4204 1111816166]
327 4098 355 4151 p.
375 4080 507 4152 scipionia
526 4098 560 4137 ao
577 4082 638 4137 lelii
655 4082 804 4152 perductus
822 4085 920 4152 postea
939 4084 1011 4135 esset
1029 4098 1043 4135 e
1058 4079 1190 4134 libertina
1203 4078 1287 4145 tribu,

167 4156 304 4225 ι8111111116
323 4170 470 4226 honestum
489 4170 616 4238 ordinem
629 4169 727 4225 tenuit.
746 4187 844 4224 666666
859 4170 951 4239 [immo
965 4168 1135 4237 comoedias]
1151 4168 1210 4237 egit
1221 4185 1287 4221 non·
1331 4162 1336 4177 ¹

169 4246 467 4337 ΜΒ(11611,1116611116
485 4258 599 4328 quidem
617 4259 710 4315 locum
728 4259 850 4329 primum
868 4258 944 4313 haud
962 4257 1046 4312 dubia
1064 4257 1215 4325 tenuisset,
1234 4257 1288 4310 nisi

172 4323 221 4391 aiu,
239 4342 449 4418 obtrectatores,
474 4363 539 4402 oum
561 4320 650 4402 etiam
670 4346 783 4417 publice
809 4347 869 4402 eius
896 4346 1037 4402 cometiae
1065 4360 1134 4414 quaa
1162 4299 1288 4399 ediderat

86 4426 93 4487 l
175 4414 348 4504 mmm,
366 4434 405 4491 ad
421 4389 583 4491 hinnmodi
599 4432 695 4491 6161116
709 4431 855 4491 maun·
871 4432 1057 4560 impulissent
1068 4434 1161 4504 [immo
1179 4433 1285 4488 obtrec-
