2888 5040
572 345 825 393 noorsronrors.
1204 327 1267 390 411

164 496 211 560 700
232 492 374 578 pervenit.
421 491 524 567 Quem
554 491 612 554 etsi
644 489 802 572 suspicari
826 489 915 572 licet,
947 509 1010 552 non
1036 493 1147 551 tamen
1169 488 1270 551 scitur

164 601 282 665 firmitate
304 597 499 662 valetudinis
523 596 719 660 excelluisse.
745 632 785 641 —
815 595 925 679 Longe
949 598 1056 658 autem
1080 593 1270 677 planissimo

163 707 316 770 documento
339 705 372 770 id
396 705 481 790 qnod
501 705 649 768 volumus
674 725 711 768 co
735 703 925 788 logistorico
950 701 1107 784 probatur
1130 700 1184 783 qui
1207 700 1271 763 fuit

163 811 322 877 dometicis
335 811 516 896 originibus.
539 809 624 874 Eum
642 809 728 873 enim
743 810 884 874 dubitari
904 808 1019 892 nequit
1038 808 1114 891 quin
1129 806 1270 872 Scauro

164 916 243 983 Varro
257 918 451 1004 inscripserit
469 921 602 1002 propter
621 916 784 1002 insignem
802 917 960 998 ludorum,
983 915 1016 979 in
1039 915 1091 978 his
1111 915 1272 978 scaenico·

164 1045 226 1106 run,
251 1023 517 1110 magnificentiam
550 1023 591 1086 ab
620 1021 662 1087 bl
692 1022 831 1087 Aemilio
859 1020 981 1086 Scauro
1014 1021 1118 1085 aedile
1151 1045 1178 1085 a.
1206 1021 1272 1086 695

164 1129 299 1196 editonmr:
327 1131 367 1195 de
395 1152 460 1215 qua
487 1129 637 1194 ludorum
665 1129 834 1213 opulentia
863 1128 934 1193 vide
962 1128 1157 1212 scriptorum
1180 1129 1271 1192 testi·

167 1237 249 1302 monia
265 1219 484 1303 a'scnuberto
508 1241 665 1321 congesta
687 1235 726 1299 de
750 1235 843 1299 Rom.
867 1234 958 1299 aedil.
983 1258 1013 1318 p.
1032 1236 1106 1299 419.
1152 1234 1271 1298 Mirum

167 1341 324 1408 inmodum
356 1369 377 1410 a
409 1367 486 1410 vero
519 1343 644 1427 Popma
676 1342 854 1425 aberravit,
893 1341 998 1426 egisse
1026 1340 1206 1407 Varronem
1238 1343 1272 1406 in

167 1443 268 1531 Scauro,
292 1451 378 1515 cuius
401 1451 539 1515 alteram
563 1449 809 1532 inscriptionem
833 1448 1020 1533 ignorabat,
1047 1448 1085 1511 de
1115 1449 1271 1513 aedificiis

168 1554 300 1621 coniciens.
343 1557 438 1622 Hunc
469 1563 577 1622 autem
608 1556 834 1640 logistoricum
859 1560 988 1639 praetor
1012 1555 1208 1640 reliquorum
1233 1557 1271 1618 si-

168 1659 342 1729 militudinem
366 1687 432 1730 non
457 1687 521 1730 uno
544 1663 659 1747 fuisse,
687 1663 741 1726 sed
771 1661 918 1745 pluribus
947 1662 1040 1726 libris
1064 1662 1272 1745 comprehen-

170 1785 221 1828 sum
240 1767 344 1851 (tribus
358 1776 400 1835 ut
419 1769 571 1855 videtur),
595 1793 658 1835 uon
678 1773 816 1854 possunt
833 1768 978 1852 profecto
997 1792 1061 1832 non
1082 1769 1272 1853 persuadere

170 1890 244 1953 supra
261 1878 432 1962 composita
456 1875 569 1961 Servii,
592 1876 744 1959 Charisii,
768 1875 937 1941 Censorini
962 1876 1160 1959 testimonia,
1183 1897 1271 1958 pror·

170 1996 208 2039 sos
229 2000 261 2044 es
282 1983 323 2049 ita
349 1987 540 2069 comparata
567 1988 617 2067 ut,
649 1984 678 2046 si
706 1983 782 2067 quid
814 1983 846 2047 in
878 1983 939 2047 hoc
970 2003 1086 2067 genere
1118 1983 1273 2047 similium

170 2090 328 2167 ompaatio
362 2092 464 2175 valet,
497 2113 560 2155 uno
596 2091 744 2174 exemplo
776 2096 938 2154 servatum
973 2090 1103 2174 plenum
1134 2089 1273 2154 indicem

170 2201 293 2271 appareat
316 2198 389 2262 aliis
418 2199 499 2263 locis
527 2220 585 2282 per
612 2203 721 2281 partes
752 2221 827 2261 suas
855 2196 1053 2281 discerptum
1078 2197 1273 2262 articulatim

170 2305 388 2390 ommemorari,
421 2304 604 2389 promiscue
633 2305 728 2369 modo
757 2328 777 2368 a
805 2305 935 2368 nornine
964 2306 1058 2369 modo
1087 2328 1105 2368 a
1129 2328 1163 2368 re
1186 2305 1275 2369 facta

171 2403 356 2481 *lrellstions
394 2412 485 2488 Quae
508 2412 730 2476 inconstantia
754 2411 839 2496 quod
863 2411 924 2475 lroc
948 2413 1093 2494 exemplo
1118 2413 1150 2475 in
1176 2434 1274 2475 unum

170 2507 328 2601 eundemque
351 2519 543 2602 scriptorem
567 2519 655 2582 cadit
681 2516 877 2601 Clrarisium,
902 2516 932 2580 id
957 2518 1089 2581 levioris
1113 2539 1183 2581 esse
1207 2540 1273 2581 mo-

171 2617 246 2678 menti
266 2621 293 2687 in
313 2647 349 2690 co
373 2624 589 2711 grammatico
613 2629 757 2708 apparet,
782 2625 836 2708 qni
860 2648 924 2688 non
949 2647 1025 2688 suae
1049 2624 1180 2688 lectioni
1203 2647 1275 2707 pro·

170 2711 220 2779 lala
242 2726 414 2796 testimonia
443 2731 572 2814 debeat,
606 2731 661 2794 sed
689 2731 730 2794 ab
759 2731 998 2815 antiquioribus
1027 2731 1193 2815 magistris
1224 2753 1274 2794 ac·

170 2828 241 2902 ‘llll
260 2839 357 2919 qualia
381 2837 578 2921 repperisset
603 2839 749 2901 servarit.
786 2838 924 2901 Tantum
944 2837 1039 2901 facile
1063 2836 1194 2900 concedi
1219 2861 1274 2920 pu-

169 2926 262 3020 tamus,
290 2946 385 3009 multo
414 2943 543 3028 longius
573 2966 591 3006 a
619 2943 853 3027 probabilitate
882 2943 962 3007 illud
990 2942 1151 3025 recedere,
1184 2949 1220 3007 ut
1243 2947 1276 3006 et

169 3031 329 3119 linfflllsrem
357 3051 480 3115 librum
504 3049 542 3112 dc
567 3051 722 3113 scaenicis
746 3048 926 3133 originibus
954 3048 1070 3111 secisse
1099 3052 1132 3111 ct
1158 3049 1274 3113 iterum

168 3131 195 3196 ll
211 3157 344 3223 Scaenicis
364 3157 547 3243 originibus
567 3179 606 3220 ne
627 3156 731 3220 indice
756 3156 885 3239 quidem
905 3156 1031 3219 variato
1055 3155 1159 3219 tribus
1183 3156 1275 3220 libris
1294 3167 1297 3172 '

168 3259 318 3327 e¹l³⁰⁸uisse
336 3263 442 3328 Varro
468 3260 724 3346 existimetur*).
761 3259 830 3324 Nec
854 3261 1057 3326 mediocriter
1080 3264 1276 3344 πολυβίβλου

168 3381 316 3415 N*-
332 3410 342 3415 -

216 3458 237 3528 'l
255 3469 373 3528 Cetemm
387 3473 463 3543 quod
477 3474 510 3526 de
523 3474 654 3526 scocricis
668 3473 823 3541 originibus
842 3472 928 3526 libros
939 3473 1091 3528 Varronem
1108 3476 1199 3530 nescio
1215 3477 1276 3544 quis

164 3549 229 3606 ΜΡΝ
246 3556 310 3614 dirit
326 3563 360 3616 ad
380 3565 589 3618 prostrauerat
607 3579 771 3628 graccorum
789 3561 1000 3616 similitudinem
1021 3564 1221 3632 composuisse,
1248 3565 1277 3618 id

164 3638 204 3681 ³⁰⁰
222 3651 304 3718 mags
326 3651 500 3707 considerate
525 3651 630 3704 dictum
655 3654 697 3706 est
720 3669 805 3719 quam
825 3652 899 3720 qnod
919 3653 1103 3706 Schneidcrus
1123 3669 1221 3706 comm.
1242 3653 1277 3706 de

162 3707 220 3774 lm·
239 3737 292 3792 viia
308 3743 336 3794 ct
353 3740 449 3810 script.
469 3759 495 3809 p.
516 3747 567 3793 238
588 3740 711 3794 ciusdem
732 3739 833 3794 librum
853 3740 949 3804 (inimo
968 3741 1067 3806 libros)
1085 3741 1118 3792 dc
1134 3744 1221 3808 postis
1240 3743 1276 3796 ad

160 3796 320 3903 ‚mlttxunov
341 3828 530 3883 imitationem
554 3829 660 3882 lactum
683 3829 810 3897 putabat.
849 3828 918 3882 Cum
942 3829 995 3881 hoc
1014 3827 1089 3880 cnim
1108 3831 1276 3884 Graecorum

160 3894 270 3982 Quinto
286 3920 356 3973 recte
374 3917 495 3972 conferri
514 3917 558 3970 illi
576 3921 685 3971 tantum
704 3917 769 3971 libri
789 3922 916 3986 possunt,
941 3916 988 3985 qui
1013 3916 1126 3973 luerunt
1144 3921 1176 3972 de
1194 3923 1277 3972 oetio-

157 3975 220 4038 ΜΝ
238 4008 375 4061 scoenicis:
394 4008 430 4061 de
449 4006 551 4075 quibus
570 4006 676 4060 dictum
697 4006 857 4075 Parergonl
878 4025 905 4074 p.
918 4012 967 4060 179
978 4024 1017 4073 sq.
1037 4011 1089 4057 320
1100 4024 1140 4073 sq.
1171 4007 1276 4062 Horum

154 4065 230 4131 ⁸11th
248 4097 336 4159 raucis
351 4097 517 4168 fragmentis
532 4096 683 4150 echarisio
699 4096 896 4165 Priscianoqno
911 4095 1018 4164 pridem
1033 4093 1159 4148 collectis
1174 4112 1276 4149 novum

152 4159 261 4234 terami,
275 4176 305 4238 e'x
322 4186 438 4255 Hauptii
456 4186 640 4256 grammatico
654 4184 689 4238 de
704 4201 796 4253 gener.
812 4203 884 4239 nom.
901 4204 926 4253 p.
938 4189 984 4238 98:
1004 4183 1154 4236 Scobillom
1172 4187 1277 4252 yonnis

150 4249 240 4325 mli»
260 4275 322 4330 aas
339 4293 490 4340 scamnum,
508 4281 540 4328 ot
560 4274 648 4327 Vorro
667 4275 698 4326 in
717 4276 871 4327 actionibus
889 4274 1028 4326 scaro-icis.
1057 4269 1141 4324 Aliud
1160 4272 1277 4328 fortusse

142 4326 267 4463 :Prpbo
282 4382 306 4432 p.
326 4372 393 4420 rtis
414 4365 443 4419 Ρ.
468 4363 640 4417 addendum:
672 4363 809 4431 sinciput,
836 4363 987 4431 sincipitis,
1020 4359 1110 4413 Varro
1131 4363 1223 4428 posuit
1247 4365 1278 4417 in

169 4427 261 4500 ⁰³³⁰:
284 4471 348 4522 quas
371 4454 482 4511 litteras
505 4454 553 4524 qui
576 4453 722 4507 nobiscum
746 4469 780 4507 cx
804 4451 912 4524 integro
938 4448 1117 4520 aetioloibus]
1141 4451 1277 4507 vocabulo
