2924 5046
439 353 653 401 ranvnunvn
676 353 987 400 rnunurmunavn.
1213 333 1277 399 287

154 492 262 575 gaudis,
274 494 330 577 qui
349 494 383 558 in
397 494 517 559 Perleti
536 497 674 559 maxime
695 500 727 560 et
741 494 933 560 Reinhardti
951 492 1136 557 narratione
1156 514 1279 556 errores

153 597 229 664 haud
252 601 344 684 pauci
374 603 539 667 commissi
569 607 657 685 sunt,
689 603 809 667 diutius
841 601 1008 665 immorari
1036 620 1093 682 per
1120 599 1280 683 angustis·

151 704 240 770 simos
260 706 355 772 huius
383 709 542 791 prooemii
569 709 649 773 fines
673 709 774 773 licuit.
820 706 973 792 Sequitur
995 727 1095 788 nune,
1127 709 1163 769 ut
1186 706 1279 769 unius

150 807 271 877 aliumue
304 816 484 897 particulae
518 816 729 880 Terentianae
761 815 859 897 plena
891 817 924 877 et
951 813 1091 897 integra,
1124 815 1280 895 quantum

149 918 266 996 quidem
293 920 365 984 fieri
392 923 511 1004 possit,
544 922 720 1007 scripturae
749 921 921 986 diversitas
950 925 1162 1004 proponatur:
1196 919 1280 1002 quod

147 1026 342 1102 quantumvis
365 1028 540 1092 molestum
563 1009 629 1092 non
652 1051 750 1092 unam
774 1029 815 1093 ob
840 1048 986 1091 caussam
1010 1026 1149 1107 accidat,
1172 1029 1281 1088 tamen

147 1131 247 1195 omiui
272 1154 310 1198 eo
339 1134 592 1219 minuspotest,
625 1158 688 1220 quo
712 1135 829 1199 certius
861 1134 921 1198 hac
949 1156 1014 1198 una
1043 1133 1096 1197 via
1125 1132 1280 1196 librorum
1367 1183 1373 1193 .

147 1229 229 1300 inter
249 1261 280 1302 se
303 1239 532 1306 similitudines
557 1241 898 1325 dissimilitudinesque
928 1244 1013 1304 recte
1042 1231 1181 1322 perspici
1210 1259 1281 1320 per·

143 1359 269 1408 suasum
290 1345 450 1412 habemus
475 1351 508 1411 et
530 1371 590 1413 usu
613 1349 867 1432 comprobatum.
913 1346 996 1410 Eam
1025 1345 1065 1409 ad
1092 1367 1161 1408 rem
1184 1344 1281 1429 elegi-

142 1463 219 1512 mus
236 1452 395 1533 Adelphou
417 1454 561 1539 initium,
585 1458 618 1518 et
640 1454 758 1518 litteris
783 1454 912 1538 quidem
934 1454 976 1535 A,
999 1451 1041 1536 B,
1064 1451 1091 1517 0
1111 1451 1281 1516 brevitatis

139 1570 254 1621 mussa
275 1559 474 1643 signavimus
499 1583 519 1625 a
540 1560 706 1624 nobismet
728 1560 807 1642 ipsis
827 1563 902 1643 post
916 1558 1077 1623 Paernum
1101 1557 1204 1622 denuo
1228 1579 1280 1620 ex-

138 1677 249 1728 cussos
267 1664 463 1750 Bemtiuum,
482 1667 715 1750 Basilicarum,
740 1666 936 1731 Vaticanum:
959 1687 1016 1730 nec
1040 1669 1151 1729 tamen
1165 1663 1280 1728 Faerni

137 1761 244 1847 ipsius
265 1773 452 1838 testimonia
476 1773 653 1857 omisimus,
676 1776 713 1837 ut
736 1796 832 1856 quam
856 1773 912 1836 ille
932 1794 965 1837 se
984 1772 1173 1856 diligentem
1192 1792 1282 1855 prae·

135 1873 262 1940 stiterit
284 1883 507 1962 cognoscatur.
538 1878 600 1943 His
624 1879 747 1944 accedit
760 1879 987 1944 Ambrosianus
1001 1876 1064 1964 (D)
1085 1879 1126 1942 ab
1142 1877 1181 1941 A.
1195 1876 1283 1941 Maio

134 1987 286 2063 repertus
318 2006 445 2068 unaque
478 2008 550 2049 cum
578 1985 687 2049 Plauti
720 1985 912 2070 fragmentis
945 1984 1077 2049 ineditis
1105 1983 1283 2048 Mediolani

132 2087 273 2173 vulgato
297 2114 324 2155 a.
341 2091 428 2156 1815
450 2090 562 2155 libello
587 2090 790 2176 aliquatenus
809 2090 1002 2173 descriptus:
1026 2095 1189 2173 postremo
1210 2091 1311 2154 Via-o

130 2188 317 2262 Musca
353 2198 573 2283 fragmentum
609 2199 690 2263 satis
728 2199 895 2282 antiquum
923 2194 996 2282 (E),
1032 2197 1066 2260 in
1097 2197 1283 2262 Endlicheri

132 2289 247 2366 Cara.
259 2301 349 2369 MSS.
364 2303 461 2369 Viud.
480 2304 496 2369 I
518 2329 549 2389 p.
567 2306 588 2369 2
612 2327 715 2389 nuper
737 2304 941 2370 recensitum.
975 2304 1118 2379 Quorum
1141 2305 1283 2368 omnium

134 2407 326 2474 curabimus
346 2415 382 2475 ut
401 2411 584 2476 accuratior
597 2410 772 2494 descriptio
788 2410 867 2476 olim
881 2409 969 2474 foras
984 2410 1085 2475 detur.
1113 2409 1285 2474 Praeterea
1375 2414 1377 2419 ’

132 2501 186 2564 F
211 2512 311 2579 littera
338 2517 522 2582 notavimus
545 2518 727 2582 Huleusem:
759 2517 890 2599 reliquos
914 2521 1022 2581 autem
1045 2539 1118 2581 cum
1141 2516 1286 2597 dicimus,

132 2624 262 2686 nosces
283 2622 504 2706 significamus
528 2623 667 2708 quinque
691 2647 764 2688 cum
786 2623 930 2688 Halensi.
976 2622 1024 2688 De
1047 2623 1098 2688 his
1122 2646 1177 2687 sex
1201 2622 1286 2687 codi—

133 2717 237 2790 cibus
263 2729 328 2792 sive
352 2729 512 2793 universis
536 2731 603 2793 sive
627 2729 764 2814 singulis
789 2731 844 2794 ubi
867 2734 1026 2812 tacemus,
1049 2728 1214 2793 sciendum
1238 2732 1287 2793 est

133 2838 224 2895 Cum
241 2832 364 2899 Bentlei
388 2834 548 2919 scriptura
570 2858 624 2900 eos
648 2837 846 2918 consentire,
879 2835 1151 2919 Guelferbytanos
1176 2839 1285 2899 autem

135 2933 181 2992 θῒ
211 2937 366 3005 Palatinos
395 2939 515 3006 nullius
538 2943 669 3007 nomine
694 2942 866 3007 distinctos
890 2941 1092 3007 Perletianos
1117 2946 1150 3006 et
1171 2941 1286 3006 Parea-

135 3049 214 3106 nos
233 3069 305 3112 esse.

223 3201 249 3256 G.
268 3204 374 3275 Sulpici
393 3205 564 3276 Apollinaris
583 3205 720 3261 Periocha
734 3208 769 3261 A.
803 3209 1005 3278 Argumentum
1024 3209 1065 3262 uel
1082 3207 1185 3277 Incipit
1199 3208 1287 3276 Argu-

137 3291 271 3347 menum
288 3296 387 3364 reliqui
404 3296 430 3349 le.
450 3313 471 3350 e.
490 3296 633 3349 BCDEF
751 3303 763 3349 1
785 3295 1006 3350 adolescentulos
1025 3296 1056 3349 F
1166 3303 1182 3350 2
1201 3296 1287 3351 aesci-

140 3382 222 3432 uum
236 3382 288 3435 ΒΕ
411 3390 427 3438 3
460 3384 509 3437 sed
531 3387 561 3438 et
582 3384 758 3454 tesiphonem
782 3401 875 3439 secum
894 3385 1009 3452 retinet,
1033 3387 1129 3440 cucuso
1148 3386 1235 3454 hunc,
1259 3386 1289 3438 Ε

255 3472 445 3541 cythariatriaa
464 3473 554 3526 ΒΕΓ
660 3481 675 3527 t
696 3474 805 3528 celabat
823 3474 859 3526 D.
880 3475 1008 3529 oaelabat
1026 3475 1055 3527 F
1160 3475 1289 3529 cochinus

150 3546 196 3615 Ε,
216 3560 283 3614 mum
299 3579 324 3617 o.
344 3568 363 3616 8
486 3562 592 3616 famam
611 3564 736 3633 quoque]
757 3563 859 3617 famam
878 3564 919 3617 rei
937 3564 973 3616 A.
1010 3564 1170 3632 famamque
1189 3563 1289 3631 reliqui

257 3657 272 3704 6
297 3667 355 3705 sese
374 3652 411 3703 A.
448 3667 477 3703 se
499 3652 600 3720 reliqui
622 3657 648 3704 et
669 3652 805 3705 Bollrioui
947 3652 1135 3706 nansferabat
1154 3652 1182 3702 D

154 3730 354 3800 lphidieinam
372 3740 400 3792 A
525 3740 611 3810 eripit
628 3740 722 3795 lenoni
740 3743 775 3794 A.
813 3741 908 3796 lenoni
927 3741 1016 3810 eripui
1034 3758 1067 3794 ru.
1081 3758 1125 3809 pr.
1141 3740 1170 3793 Ο.
1197 3739 1289 3793 lenoni

160 3818 256 3888 eripuit
273 3829 327 3882 rell.
436 3828 591 3883 uiciauerat
615 3829 645 3881 Ε
768 3828 905 3883 8Eidem
925 3830 952 3882 A
1077 3828 1137 3882 cine
1157 3829 1182 3880 A

165 3904 273 3967 Alliam
294 3916 341 3987 sed
363 3933 448 3986 paup.
471 3918 501 3969 D
627 3923 659 3971 10
687 3917 797 3987 iurgare
822 3917 952 3984 ABCF,
980 3918 1077 3970 Bolhii
1100 3917 1189 3983 Guels.
1215 3921 1240 3970 1.
1260 3921 1288 3970 2.

174 4075 220 4134 Μ
233 4091 293 4143 all
402 4091 487 4163 ferre]
506 4092 614 4148 ferebat
632 4094 663 4145 Ε
778 4102 808 4148 11
834 4094 883 4163 Vt]
904 4095 940 4148 Et
958 4097 985 4148 A
1103 4100 1136 4147 12
1160 4093 1289 4147 uitiatam

181 4165 211 4218 Α·
237 4190 288 4233 ase
303 4178 434 4234 uitiatam
453 4181 543 4235 ciuem
561 4181 676 4237 atticam
697 4182 833 4253 uirginem
853 4200 966 4238 uxorem
981 4183 1098 4249 Bous]
1117 4183 1290 4236 Lindeubru·

185 4251 227 4309 fill
239 4259 325 4334 Bauer
346 4274 371 4322 et
391 4269 476 4335 Petu,
490 4275 514 4323 et
535 4270 584 4323 ‘sic
601 4271 672 4337 fere'
693 4272 835 4325 Bora-laur.
873 4290 891 4326 a
909 4290 956 4327 sae
975 4272 1108 4327 uiciatam
1127 4272 1187 4326 ciue
1207 4271 1291 4340 uirgi-

187 4352 235 4435 Ψ
247 4354 348 4414 mam
365 4373 481 4412 uxorem
500 4357 530 4410 Ε
635 4358 745 4428 tesipho
765 4360 794 4412 1)
902 4360 1102 4414 citharistriam
1121 4361 1156 4412 A.
1203 4360 1291 4414 citha-

190 4428 260 4489 Ἢ
274 4442 351 4517 lata
369 4446 468 4517 ODE)
491 4451 604 4501 exorato
627 4464 676 4501 suo
700 4450 780 4516 patre
803 4448 872 4501 duro
891 4448 991 4501 demea
1008 4449 1155 4515 BODEF,
1181 4449 1247 4519 Κεφ.
1266 4454 1291 4504 ct

88 4026 123 4304 ι
170 3987 265 4064 iurgare
281 4005 307 4058 et
324 4004 363 4070 D,
381 4003 478 4058 Berua
496 4006 587 4062 Berol.
606 4011 631 4060 1.
652 4011 677 4060 3.
697 4006 809 4061 Hclmet.
847 4006 958 4074 iurgare
977 4023 1009 4060 ac
1027 4006 1118 4061 Berol.
1138 4010 1166 4060 2.
1199 4006 1290 4072 iurga-
