2924 5046
176 357 244 422 212
518 376 548 423 c.
571 377 740 439 semrom,
758 377 977 436 russonum

176 515 346 581 Nobiliore
373 518 574 602 consulibus,
604 520 718 584 morbo
741 521 932 603 implicitum
955 541 995 583 ex
1017 518 1132 582 dolore
1153 541 1195 583 sc
1216 521 1297 586 tsed

176 622 370 686 emissarum
398 625 599 688 sarcinarum
626 647 708 708 quas
735 627 769 690 in
796 649 879 690 nune
906 618 1135 709 praemiseht,
1164 647 1205 690 sc
1229 627 1297 692 sim

175 727 360 791 fabularum
390 750 471 812 quus
501 752 603 795 nones
633 732 764 796 feceret.
807 733 910 796 fnisse
936 732 1056 795 dicitur
1081 731 1242 796 mediocri
1267 739 1297 797 st

55 838 62 847 “
175 839 259 916 tura,
281 835 395 919 gracili
418 857 562 919 corpore,
585 837 694 901 colore
716 838 817 902 fusco.
853 837 983 921 reliquit
1007 836 1119 919 filiam,
1140 860 1230 922 quse
1255 861 1297 923 po

174 941 284 1035 equiti·
297 941 445 1005 Romano
467 943 592 1026 nupsit:
620 944 699 1007 item
722 943 871 1009 hortulos
894 961 942 1007 xx
964 944 1113 1027 iugerum
1136 944 1196 1007 uis
1218 948 1297 1028 App

175 1046 214 1109 sd
240 1046 364 1111 Martis.
402 1070 465 1132 quo
488 1048 594 1131 magis
618 1049 720 1113 miror
741 1049 892 1113 Porcium
915 1051 1070 1114 scribere:
1093 1047 1222 1132 ‘Scipio
1246 1050 1297 1115 nil

174 1153 204 1216 ei
232 1153 367 1236 profuit,
395 1153 480 1217 nihil
502 1152 648 1236 Laelius,
674 1155 757 1219 nihil
778 1154 907 1219 Furius:
939 1178 1051 1220 eorum
1077 1155 1135 1219 ille
1157 1177 1267 1238 opera
1289 1179 1297 1220 1

174 1258 305 1323 domum
329 1259 458 1342 quidem
477 1259 593 1324 habuit
611 1259 867 1325 conducticium’.
902 1261 1000 1325 Hunc
1015 1262 1174 1325 Afranius
1193 1263 1297 1346 quide

174 1365 325 1452 omnibus
348 1367 481 1430 comicis
504 1366 655 1449 praefert,
678 1367 821 1431 scribens
844 1368 879 1431 in
902 1365 1157 1450 Compitalibus:

334 1505 465 1571 Terenti
489 1529 553 1572 non
577 1509 777 1573 consimilem
801 1508 890 1572 dices
914 1509 1108 1593 quempiam.

134 1666 160 1705 ³⁴
174 1646 345 1712 Volcatius
368 1653 478 1712 eutem
496 1670 563 1713 non
582 1649 688 1715 solum
708 1648 834 1714 Naeuio
853 1656 886 1713 et
904 1649 1022 1714 Plauto
1042 1656 1076 1713 et
1094 1646 1252 1727 caecilio,
1271 1672 1297 1714 si

248 1904 258 1947 1
280 1895 440 1948 consulibus
458 1895 551 1949 DEZ.
571 1901 701 1950 consunte
719 1896 755 1949 A.
774 1897 844 1950 coni
863 1896 898 1952 B.
925 1897 1006 1963 cont*
1027 1896 1057 1949 0.
1076 1901 1152 1950 coiis.
1172 1895 1204 1949 F
1274 1896 1297 1950 ir

174 1980 304 2050 plicitum
323 2000 357 2036 ex
375 1982 500 2038 Rotbius.
528 1983 667 2052 impliciti
685 2000 718 2038 ec
737 2001 771 2037 ex
789 1986 825 2038 A.
850 1983 1019 2052 imphcitum
1038 1983 1098 2038 scri
1115 1986 1205 2038 ceteri.
1232 1985 1297 2053 imp

174 2073 267 2124 cetum
296 2071 514 2126 ermenricum
607 2072 653 2143 uc]
673 2076 702 2126 et
720 2072 746 2125 G
836 2071 912 2126 tedio
938 2073 1005 2125 libri
1023 2077 1136 2140 procur
1153 2072 1196 2141 B,
1221 2073 1297 2141 inq

174 2160 249 2214 trdio
267 2165 292 2214 et
306 2166 370 2228 post
388 2178 402 2213 r
419 2162 539 2229 epatium
558 2162 678 2214 ducrum
692 2163 844 2215 litterariam
864 2163 896 2214 iii
913 2177 1025 2226 rasura,
1041 2161 1089 2214 eccl
1104 2161 1226 2214 recitem
1239 2177 1297 2214 erui

174 2264 243 2303 corr.
267 2250 332 2302 ine
404 2249 633 2304 2smmisserum
652 2249 683 2302 E
759 2250 931 2305 sarcinarum
951 2248 992 2313 A,
1020 2248 1252 2318 Vec.(a.1512).
1283 2267 1297 2302 ε

173 2339 299 2406 byturum
319 2337 354 2404 F,
374 2337 414 2391 St.
433 2337 591 2392 fabularum
609 2341 690 2392 ceteri
795 2354 868 2392 neue
886 2337 1059 2394 Ritecbelircs.
1080 2337 1152 2393 usui
1172 2336 1209 2391 A.
1229 2335 1297 2391 naui

175 2426 210 2482 F.
230 2427 296 2480 neui
312 2429 393 2480 ceferi
450 2425 615 2496 promiserat
628 2427 718 2482 DGZ.
737 2426 954 2496 premisserstO
1023 2426 1154 2481 timedio
1172 2424 1293 2480 eruisti

174 2516 201 2568 A
273 2515 400 2569 teolere
418 2515 446 2567 Β
520 2516 639 2584 reliquid
658 2518 685 2570 A
767 2516 854 2570 filiurn
873 2532 923 2570 om.
942 2514 1032 2579 BOD,
1050 2516 1108 2569 adri
1135 2514 1164 2568 B
1182 2531 1253 2584 iere.

174 2621 228 2672 que
247 2604 302 2657 ΟΖ
388 2609 454 2674 post
472 2606 507 2658 A.
526 2621 576 2659 om.
595 2607 675 2659 ceteri
760 2605 846 2659 sno.
868 2604 899 2658 Z.
918 2622 940 2658 r.
960 2603 990 2656 F
1076 2604 1185 2659 ortulos
1202 2602 1297 2658 1301).

173 2693 271 2747 hortos
290 2693 315 2747 G
387 2692 447 2760 uie,
466 2694 568 2747 nonin
588 2692 647 2760 uic,
667 2692 733 2746 libii
805 2698 821 2745 6
839 2690 939 2744 Martis
957 2689 1121 2759 Schopesue.
1150 2691 1255 2746 mertis
1273 2709 1297 2746 u

175 2782 231 2836 lem
251 2782 330 2845 libri,
353 2782 410 2834 nisi
427 2781 500 2849 orici
518 2780 646 2834 mritisO
732 2779 861 2834 Porcium
880 2780 920 2834 St.
946 2781 1060 2848 portum
1077 2779 1167 2834 BOD.
1193 2779 1297 2849 portin

175 2873 255 2926 ceter·
326 2870 419 2940 Scipio
439 2911 579 2925 ......
599 2867 803 2923 conducticism
827 2871 867 2923 sic
885 2869 1057 2923 Ritscbeliue.
1095 2868 1175 2938 Quos
1191 2868 1225 2921 in
1244 2868 1297 2922 liti

173 2961 215 3014 eie
231 2961 399 3029 interpolata
415 2965 481 3013 eunt
494 2977 508 3014 e
521 2976 551 3027 p.
566 2963 634 3022 206,
648 2963 666 3012 7
670 2974 740 3027 squ:
759 2958 848 3028 scipio
862 2958 932 3012 nihil
946 2957 1053 3027 profuit
1066 2955 1137 3011 nihil
1152 2955 1239 3010 lelius
1253 2956 1297 3011 ni!

174 3048 276 3117 furius,
300 3052 356 3102 tres
381 3063 432 3117 per
454 3047 528 3101 idem
552 3051 662 3116 tempus
685 3045 733 3116 qui
752 3047 900 3116 agitabunt
917 3046 1025 3101 nobiles
1043 3045 1188 3100 facillime.
1227 3061 1297 3100 eoru

175 3137 223 3191 ille
242 3153 328 3206 opera
347 3155 381 3189 ue
400 3136 515 3190 domum
534 3135 648 3204 quidem
665 3135 767 3189 hebuit
784 3135 996 3201 conducticium,
1015 3135 1115 3190 saltem
1129 3136 1164 3186 ut
1177 3136 1257 3188 esset
1269 3152 1297 3203 q·

175 3224 291 3279 referret
309 3223 416 3279 obitum
436 3223 543 3278 domini
560 3223 695 3278 seruulus.
730 3224 783 3278 Vbi
799 3226 971 3293 osculorum
989 3222 1177 3290 discrepantia
1190 3221 1260 3275 buce
1272 3237 1297 3275 cr

174 3311 262 3382 scipio
280 3311 366 3366 nichil
385 3311 491 3381 profuit
508 3313 543 3366 A.
568 3311 655 3381 scipio
674 3313 703 3367 1¹11
723 3312 828 3382 profuit
845 3313 881 3368 Β.
908 3311 996 3380 scipio
1014 3311 1055 3364 nil
1073 3308 1183 3378 profuit
1201 3307 1297 3363 Em

175 3399 246 3454 nibil
264 3399 380 3455 Publius
400 3399 493 3468 Scipio
512 3401 690 3470 profuitAld.
740 3400 842 3454 lnihil
860 3399 941 3454 lelius
960 3399 989 3451 nl
1008 3397 1096 3451 furius
1109 3396 1145 3450 B.
1165 3397 1208 3450 nil
1228 3394 1297 3451 laeli

175 3487 214 3542 nil
233 3488 320 3543 furius
336 3489 372 3544 F.
391 3489 478 3543 nichil
498 3489 595 3546 ledius.
614 3489 703 3543 furius
717 3490 752 3542 A.
772 3488 842 3542 nihil
861 3488 888 3542 ei
905 3487 987 3542 lelius
1005 3487 1075 3540 nihil
1094 3484 1185 3538 furius
1204 3484 1297 3540 αἱαὶ

175 3593 289 3647 operum
307 3577 419 3631 BODF
523 3583 540 3631 8
568 3577 681 3647 quidem
705 3576 818 3631 domum
843 3575 928 3630 CDG.
971 3573 1103 3629 “domum
1126 3573 1263 3641 “quidem

174 3666 243 3735 quid
261 3665 374 3720 domum
392 3666 420 3720 B
492 3665 668 3721 conducticii
686 3665 721 3721 A.
749 3663 940 3719 conclutitism
960 3664 996 3718 B.
1019 3661 1223 3718 conductitium
1242 3667 1297 3718 cci·

245 3739 349 3809 refeiet
366 3755 394 3808 B
465 3755 573 3810 obitum
589 3755 787 3811 ....scribens
805 3753 901 3808 coefi
964 3752 1087 3807 efrumus
1105 3753 1133 3804 A
1207 3750 1277 3821 quid

246 3845 382 3913 iprefert
401 3845 433 3899 Z.
461 3844 596 3914 praeferri
615 3844 673 3898 CF.
706 3839 782 3913 pfeii
799 3844 835 3897 B.
867 3843 988 3913 preferri
1003 3842 1031 3894 D
1103 3839 1241 3894 scriberes
1259 3838 1297 3893 1}

174 3933 391 4002 Compitalibus]
415 3939 496 3988 1229
515 3951 545 4002 p.
565 3937 619 3987 144
637 3932 717 3987 Ribb.
793 3937 825 3985 10
845 3931 958 3986 Terenti
980 3947 1035 3985 nou
1061 3928 1238 3984 consimilem
1260 3926 1297 3983 1!

174 4023 295 4076 eclieliue.
314 4021 428 4076 terentii
446 4039 502 4077 non
520 4021 639 4076 similem
653 4023 688 4076 A.
708 4020 828 4076 terentio
847 4037 903 4074 non
920 4019 1040 4073 similem
1060 4018 1155 4084 ceteri,
1172 4017 1233 4071 isici
1249 4031 1297 4087 qu

174 4110 294 4165 similem
313 4127 367 4165 non
386 4112 419 4166 G.
439 4112 560 4166 terentio
580 4110 716 4166 “similem
731 4110 767 4174 F,
786 4111 833 4164 ced
851 4111 939 4163 altera
956 4125 1029 4162 inan.
1049 4123 1135 4177 mure.
1154 4106 1222 4161 edd.
1240 4102 1297 4162 “ni

175 4198 253 4254 ilices
272 4199 444 4255 Ritecbeliue.
473 4201 567 4254 dicens
587 4201 659 4254 libri.
679 4199 755 4253 dices
773 4200 838 4253 Ald.
920 4215 974 4267 que.
992 4196 1041 4266 pisi
1059 4197 1094 4251 A.
1169 4202 1201 4251 ll
1222 4194 1297 4251 veh

176 4289 231 4342 tius
251 4288 292 4342 F:
310 4291 388 4358 apici
406 4290 524 4344 Gellium
545 4289 613 4354 XV,
631 4293 678 4345 24.
698 4287 837 4342 nulcetius
854 4286 1024 4342 BODEGZ.
1044 4284 1190 4341 Vulcanus
1207 4282 1237 4341 A

175 4377 257 4430 neuio
278 4376 472 4431 Aecum
538 4394 571 4430 ex
589 4377 686 4446 pleuto
706 4375 812 4431 excelio
831 4377 865 4429 A.
886 4378 916 4429 et
932 4374 1030 4444 pleuto
1048 4375 1079 4429 et
1095 4372 1217 4431 eneciliu
1231 4376 1297 4431 U

137 4525 140 4529 ,
175 4466 232 4518 nisi
248 4466 322 4534 quoi
339 4467 438 4522 cecilio
456 4466 594 4521 Bclilr'z
