2924 5046
135 354 202 418 310
407 368 647 428 ovassmouns
672 367 1006 417 ouonauonomcnu.

135 512 349 578 *Ἐλεύειον
372 511 584 575 Eleusium:
606 511 743 576 tibicina
759 511 945 576 Aululariae
954 510 996 595 ll,
1007 511 1036 596 5,
1047 512 1075 574 7.
1093 510 1288 591 [Derivatu

182 642 202 683 a
220 618 377 683 vocabulo
401 618 529 700 ἔλευειε,
553 621 589 680 ut
612 640 632 681 a
650 617 802 696 ulduno(
821 618 857 681 fit
876 614 1068 697 Πλανήειον,
1092 639 1113 680 a
1133 617 1275 697 φρόνηι

182 723 381 806 Φρονή(ιον.]

8 891 12 900 .
138 833 431 913 *ῒἙξαίραμβοε
455 832 732 897 Exaerambus:
755 831 910 912 vinarius,
932 829 1104 894 Asinariae
1125 828 1167 912 ΙΙ,
1187 831 1220 912 4,
1239 832 1288 895 3⁴

183 940 225 1002 32
249 936 337 1023 (436.
361 938 451 1025 438).
498 939 567 1014 Quo
592 942 743 1022 spectans
762 936 975 1001 Gasaubonus
998 937 1033 1000 in
1052 935 1223 1002 Athenaei
1242 937 1288 1001 li

184 1070 213 1130 p.
239 1045 345 1110 112ss
369 1044 454 1131 ‘ego’
478 1045 583 1129 inquit
608 1044 683 1108 ‘non
708 1044 839 1108 memini
862 1065 933 1107 eam
953 1043 1013 1107 viri
1032 1044 1288 1127 appellatione.

182 1175 320 1237 usquam
349 1153 434 1235 apud
458 1152 599 1217 Graecos
629 1151 750 1235 legere:
778 1172 816 1214 ac
843 1151 984 1215 fortasse
1007 1149 1161 1216 Surambc
1191 1151 1288 1235 seri:

184 1264 293 1323 serant
316 1264 349 1322 et
369 1259 503 1324 Plautus
528 1263 560 1322 et
579 1280 712 1343 graecus
733 1257 788 1322 ille
807 1258 958 1341 comicus,
982 1279 1077 1342 quem
1096 1263 1199 1342 poeta
1218 1259 1288 1323 la!

185 1388 245 1429 nus
278 1367 423 1450 sequitur
453 1365 638 1431 auctorem?
685 1365 844 1430 Graecum
872 1366 958 1429 enim
986 1365 1144 1447 cauponis
1171 1388 1288 1430 nom-

185 1471 359 1556 (άραμβοε,
382 1473 415 1536 in
439 1472 526 1556 quod
550 1495 662 1538 vereor
685 1497 725 1537 ne
744 1473 924 1537 Meinekius
948 1470 1038 1536 (lom.
1062 1476 1085 1536 t.
1104 1471 1153 1536 IV
1173 1495 1205 1556 p.
1226 1473 1288 1537 55

95 1579 98 1584 ’
186 1578 321 1643 calidius
341 1578 617 1661 animadverterit,
642 1578 722 1643 satis
742 1579 923 1643 vindicasse
938 1579 972 1642 L.
987 1579 1193 1644 Dindorfium
1209 1578 1288 1642 Tr:

188 1686 276 1750 sauri
300 1691 323 1749 t.
348 1683 410 1747 Vll
434 1709 463 1769 p.
489 1686 528 1749 71
554 1689 716 1768 putamus,
740 1686 868 1769 quicum
892 1685 930 1749 cf.
951 1683 1147 1751 Lobeekium
1161 1685 1249 1749 Path
1277 1722 1288 1733 -

188 1811 234 1875 gr.
255 1791 377 1876 proleg.
397 1815 427 1875 p.
447 1792 519 1856 298.
563 1792 610 1856 Ac
633 1791 801 1856 fatendum
825 1797 875 1855 est
894 1791 1193 1856 commodissimum
1212 1791 1248 1856 ill

186 1898 333 1965 versibus
357 1898 518 1963 Plautinis
541 1921 624 1963 esse:
655 1896 716 1963 Sed
737 1900 812 1962 uiua
833 1919 911 1979 quac
933 1897 1000 1961 heri
1021 1898 1146 1962 veirdidi
1168 1896 1288 1962 viud-

185 2003 352 2068 Surctmbo:
378 2042 417 2050 —
444 2005 531 2084 Num
557 2005 622 2068 virli
649 2004 708 2066 hue
729 2005 832 2085 upsum
855 2004 1002 2069 uldricere
1025 2005 1211 2086 trapetum
1232 2000 1288 2069 ΕΞ

185 2109 335 2173 recubum.
363 2110 473 2194 Ipsam
493 2110 735 2194 diphthongum
754 2109 817 2172 uisi
833 2108 935 2173 Vetus
960 2110 1059 2174 codex
1083 2117 1203 2194 servet,
1226 2133 1246 2175 n

187 2215 324 2280 fortasse
357 2217 465 2300 inepte
497 2217 659 2300 quispiam
691 2217 729 2278 de
762 2214 926 2295 (η’ραμβο(
961 2216 1128 2282 Scanatus
1162 2219 1288 2303 cogite

187 2322 277 2386 ouius
300 2323 441 2387 nominis
466 2322 613 2406 exempla
636 2322 819 2387 Lobeekius
844 2323 1039 2407 suppeditat.

144 2427 402 2507 *Ἐπίγνωμοε
427 2429 679 2513 Epignomus:
703 2429 829 2495 iuvenis
849 2428 985 2493 maritus
1005 2426 1118 2494 Stichi.
1156 2428 1288 2495 Servi-

187 2534 248 2599 hoc
267 2556 385 2598 nomen
405 2556 462 2618 per
476 2538 579 2600 totam
594 2534 741 2599 fabulam
755 2557 819 2600 non
836 2535 977 2599 Palatini
992 2540 1132 2619 tantum,
1152 2538 1209 2602 sed
1224 2538 1288 2622 ip-

187 2641 432 2706 Ambrosianus
479 2642 541 2706 Hic
566 2648 673 2706 autem
697 2641 780 2706 liber
804 2663 877 2705 cum
900 2646 933 2704 et
956 2663 1014 2724 pro
1039 2664 1188 2707 sororum
1210 2665 1252 2728 qu

187 2747 375 2812 ferebantur
397 2748 581 2813 nominibus
600 2748 773 2831 Pauepyris
791 2752 824 2812 et
842 2748 1015 2836 Pinacium,
1039 2754 1071 2812 et
1094 2771 1155 2832 pro
1180 2751 1288 2836 ineps

187 2855 279 2936 pueri
303 2855 434 2919 nomine
457 2855 647 2937 Diuueium,
671 2858 704 2918 et
728 2876 804 2918 vero
829 2877 886 2937 pro
911 2855 1020 2918 fratris
1044 2855 1175 2920 nomine
1200 2856 1288 2921 Pae

181 2959 344 3042 philippus
366 2982 500 3043 prorsus
524 2960 652 3024 diversa
674 2961 753 3025 haec
778 2961 956 3025 substituat
981 2960 1179 3045 Philumena,
1203 2963 1287 3028 Pa·-

182 3066 286 3147 philu,
314 3067 494 3144 Pinacium,
521 3065 722 3147 Pamphilus:
755 3067 793 3131 de
828 3089 890 3151 quc
920 3067 1040 3131 dietum
1070 3072 1120 3132 est
1148 3071 1181 3134 in
1207 3087 1288 3155 pn?

190 3172 314 3236 fatione
348 3171 452 3236 Stichi
484 3195 513 3255 p.
542 3173 571 3236 X
600 3194 659 3256 sq.:
697 3173 839 3237 eiusdem
877 3173 1074 3238 condicionis
1108 3177 1288 3242 societate

191 3278 418 3344 Fleckeisenus
447 3276 615 3363 (editionis
644 3302 720 3344 suae
744 3303 774 3364 p.
798 3280 877 3364 233)
907 3282 1090 3364 suspicatus
1122 3287 1173 3347 est
1197 3284 1288 3348 etia

194 3386 391 3451 adulterum
411 3388 547 3451 fratrem
566 3387 761 3470 pertinuisse
780 3409 838 3470 pro
859 3409 959 3471 eoque
979 3387 1062 3472 quod
1082 3387 1178 3453 bodie
1196 3388 1288 3455 fert:

199 3493 394 3577 Elupucmus
425 3493 555 3557 nornine
588 3494 675 3557 aliud
708 3493 814 3577 ipsum
847 3497 978 3576 poetam
1011 3493 1172 3576 posuisse,
1205 3495 1288 3580 idrfl

197 3622 382 3665 mensuram
401 3600 534 3683 paeonis
554 3599 683 3664 secundi
704 3601 955 3683 aequansvelut
967 3600 1185 3682 Epistrophus.
1215 3599 1285 3667 Sa.-

198 3706 229 3770 id
254 3706 382 3791 quidem
406 3729 474 3790 per
498 3729 536 3770 se
559 3706 784 3790 probabiliter:
809 3727 1003 3790 quamquam
1027 3707 1131 3771 altera
1150 3729 1189 3772 ex
1208 3723 1288 3793 pa-

199 3812 279 3876 illud
312 3815 421 3876 tamen
454 3835 568 3895 parum
602 3813 806 3877 commodum
834 3813 1031 3897 explicatum
1057 3813 1171 3897 habet,
1205 3828 1288 3899 que

200 3921 282 3983 miro
307 3942 382 3984 casu
407 3920 441 3983 in
465 3920 728 4002 Ambrosianum,
755 3922 810 4004 qui
834 3921 868 3986 in
891 3920 1006 3984 ceteris
1030 3920 1137 4004 ipsam
1159 3926 1288 3987 vetere

199 4027 415 4092 recensionem
440 4031 672 4110 repraesentet,
696 4050 795 4092 unum
818 4049 937 4093 nomen
962 4027 1065 4092 solum
1089 4027 1288 4112 inrepseritz

199 4133 392 4198 recentiore:
417 4132 502 4215 quod
527 4136 639 4196 eontra
657 4132 789 4196 minime
808 4133 925 4196 mirum
945 4155 983 4197 ex
1002 4133 1187 4218 antiquiore
1206 4147 1288 4200 unu:

197 4239 288 4324 pueri
325 4259 444 4303 nomen
477 4238 643 4303 Pinacium
679 4239 829 4303 relietum
862 4262 931 4311 esse
965 4240 999 4303 in
1031 4238 1153 4305 Vetere
1186 4241 1288 4306 codin

193 4346 315 4411 Verum
339 4350 388 4409 est
412 4368 510 4409 unum
534 4345 664 4410 fabulae
687 4368 828 4428 versum,
853 4347 903 4410 cui
928 4347 1049 4430 aliquid
1072 4346 1164 4411 deest
1188 4347 1269 4412 adl

193 4452 343 4536 gitimam
371 4471 568 4535 mensuram,
599 4457 731 4536 recepto
759 4452 915 4536 paeonico
944 4453 1100 4518 vocabulo
1128 4466 1288 4519 commoc
