2924 5046
469 348 546 395 siva
570 347 818 394 nannounnvn
842 349 947 396 ornan
1214 331 1278 396 555

132 487 323 552 tinuitatem
352 487 452 553 Vrbis
485 490 624 575 gloriam
656 491 900 573 inlustraverat,
932 492 1013 555 satis
1044 494 1153 555 tamen
1185 512 1279 575 pares

130 593 317 681 Imaginum
342 598 512 680 augustiae
534 595 664 660 fuerint.
702 596 788 661 Nam
810 621 882 662 cum
907 597 1034 661 illorum
1058 598 1190 681 plurimi
1214 620 1278 661 non

131 702 241 766 minus
265 702 401 766 consilio
426 725 522 787 quam
545 703 689 767 facinore.
712 726 780 767 rem
803 704 965 786 publicam
990 704 1199 785 adiuvissent,
1223 704 1278 766 ali-

131 807 352 892 quammultos
370 808 476 873 Varro
500 809 607 892 potuit
634 811 793 878 arbitratu
822 832 880 874 suc
904 811 942 874 de
966 810 1054 873 tertii
1079 810 1153 873 libri
1178 811 1278 893 copiis

132 914 282 997 demptos
306 915 340 979 in
364 915 510 998 quintum
534 916 721 999 transferre,
745 917 800 981 ubi
823 939 887 981 non
911 917 1015 980 minus
1040 917 1209 980 commoda
1232 915 1278 978 eis

132 1020 227 1084 sedes
252 1023 347 1085 esset.
388 1020 500 1105 quue
529 1022 692 1105 pertinent
720 1022 859 1095 tortasse
883 1027 939 1085 aut
962 1023 1077 1085 saltem
1102 1044 1278 1085 accommo-

132 1127 204 1190 dari
224 1131 365 1210 possunt
384 1125 569 1210 Symmachi
589 1130 610 1192 l.
627 1152 650 1193 s.
666 1152 689 1192 s.
708 1130 822 1193 verba:
846 1128 915 1192 ‘ille
934 1150 1108 1212 pauperem
1123 1126 1278 1192 Curium

134 1234 189 1297 sed
226 1233 383 1297 divitibus
421 1235 645 1318 imperantem,
681 1236 736 1299 ille
769 1258 896 1299 severos
931 1234 1114 1311 Catones,
1150 1239 1279 1318 gentem

134 1339 310 1420 Fabiam,
338 1339 453 1404 decora
481 1339 701 1424 Scipionum
729 1344 899 1424 totumque
928 1342 1021 1404 illum
1049 1342 1280 1424 triumphalem

135 1449 284 1509 senatum
320 1467 420 1528 parca
452 1447 547 1511 laude
583 1447 802 1532 perstrinxit':
840 1448 895 1510 ubi
930 1470 995 1511 una
1027 1447 1279 1531 triumphalis

135 1555 293 1616 senatus
319 1552 451 1616 notione
483 1557 516 1617 et
547 1555 624 1618 belli
657 1559 689 1618 et
720 1554 810 1637 pacis
843 1558 929 1617 artes
958 1553 1280 1636 comprehenduntur.

137 1656 289 1723 Ceterum
322 1658 480 1726 secundae
513 1661 626 1724 classis
660 1682 740 1745 quas
769 1659 875 1724 Varro
904 1660 1042 1723 voluerit
1075 1660 1280 1743 paradigma·

137 1765 218 1828 ticas
238 1764 397 1850 imagines
416 1787 485 1829 esse
504 1768 537 1831 in
557 1767 724 1852 isagogico
745 1768 829 1831 libro
853 1766 1057 1849 praemissas,
1079 1788 1137 1831 nec
1160 1765 1279 1829 indicio

138 1871 205 1935 ullo
238 1893 297 1936 nec
330 1871 578 1936 ratiocinatione
615 1874 774 1937 docemur.
825 1873 1027 1956 Quamquam
1061 1872 1088 1934 si
1122 1871 1281 1955 singulari

137 1977 286 2043 fortunae
313 1978 469 2041 beneficio
499 2000 535 2041 ex
566 1979 674 2062 aliquo
704 1980 864 2044 volumine
887 1977 1123 2042 Herculanensi
1146 1977 1280 2041 Periclis

139 2088 169 2147 et
195 2082 230 2148 C.
255 2082 402 2148 Caesaris
430 2083 692 2166 splendidissima
722 2086 855 2171 nomina
883 2085 1053 2168 prodeant,
1085 2107 1151 2148 non
1179 2083 1280 2146 simus

139 2189 318 2254 mehercule
341 2189 523 2255 Varronem
547 2191 722 2274 culpaturi,
749 2213 808 2255 nec
836 2191 869 2254 id
892 2190 984 2254 valde
1007 2190 1156 2254 miraturi
1185 2190 1216 2253 in
1242 2211 1280 2253 eo

139 2296 188 2379 qui
221 2297 385 2379 oppressis
418 2296 566 2380 partibus
599 2297 802 2380 Pompeianis
835 2297 875 2361 ad
909 2294 943 2362 C.
971 2295 1141 2362 Caesarem
1173 2296 1280 2379 ponti·

140 2401 228 2465 ficem
254 2403 432 2467 maximum
460 2403 525 2466 iam
552 2424 659 2466 rerum
690 2403 872 2468 divinarum
904 2404 1005 2468 libros
1039 2403 1279 2485 perscripserat.

140 2504 208 2572 Nisi
239 2507 325 2590 quod
353 2509 486 2572 minime
515 2509 755 2592 intercedimus,
784 2511 811 2574 si
841 2511 912 2595 quis
940 2514 1050 2572 tamen
1074 2531 1112 2571 ex
1141 2507 1279 2589 antiqui-

141 2614 246 2677 oribus
271 2614 379 2696 potius
399 2614 596 2678 luculentum
621 2620 749 2698 praeter
772 2621 880 2681 cetera
900 2616 1079 2697 sapientiae
1098 2612 1278 2695 exemplum

141 2720 306 2803 repetiisse
344 2719 620 2785 studiosissimum
657 2723 861 2805 antiquitatis
903 2722 1066 2786 hominem
1106 2720 1168 2783 sibi
1210 2741 1279 2801 per·

141 2827 278 2891 suadeat.

223 2930 345 2996 Contra
363 2934 505 2997 tertiae
525 2933 622 2997 classi
646 2934 768 3016 poesim
788 2936 972 3019 complexae
992 2957 1049 2999 nec
1073 2936 1181 3018 potuit
1205 2957 1276 3018 pro·
1294 2952 1327 2989 X1

140 3037 221 3102 lecto
246 3037 312 3101 alia
335 3040 396 3102 nisi
416 3039 575 3103 Homeri
598 3041 707 3126 imago
732 3047 768 3105 ut
790 3043 1047 3127 paradigmatice
1070 3041 1202 3125 praefigi
1219 3062 1280 3104 nec

140 3146 282 3228 praefixa
305 3150 363 3208 est.
401 3143 460 3211 Cui
485 3146 516 3209 in
542 3147 680 3230 septimo
704 3148 801 3232 libro,
830 3147 1009 3214 Varronem
1034 3150 1062 3212 si
1088 3150 1168 3212 bene
1191 3147 1280 3210 novi·

137 3274 219 3333 mus,
243 3251 370 3314 nullum
394 3253 493 3315 alium
516 3252 579 3316 nisi
602 3253 768 3317 Ennium
792 3256 957 3338 opposuit,
986 3254 1192 3339 quantumvis
1216 3253 1275 3316 usi-

136 3362 203 3422 tata
217 3357 457 3441 posterioribus
472 3357 658 3423 horninibus
673 3359 814 3445 Vergilii
829 3362 1033 3445 potissimum
1049 3385 1122 3426 cum
1136 3360 1279 3426 Homero

136 3463 275 3529 conlatio
295 3463 402 3527 fuerit
440 3463 600 3538 Quoniam
620 3468 737 3548 autem,
761 3472 797 3528 ut
819 3472 988 3556 ppetarum
1008 3472 1040 3532 et
1058 3467 1278 3533 nobilissimus

134 3572 166 3632 et
193 3569 441 3652 antiquissimus
469 3568 645 3651 Homerus,
678 3571 726 3634 ita
754 3573 992 3636 nobilissimum
1021 3574 1166 3656 idemque
1197 3572 1278 3636 anti-

135 3675 326 3756 quissimum
355 3699 455 3762 genus
485 3700 636 3741 versuum
664 3676 870 3742 hexametrus
899 3678 974 3761 tuit,
1007 3679 1186 3743 rectissime
1214 3684 1277 3742 sta-

134 3781 238 3844 tuitur
257 3786 290 3845 et
309 3783 472 3865 epicorum
492 3784 629 3867 primam
647 3784 749 3847 fuisse
768 3784 801 3847 in
826 3784 887 3847 hac
907 3784 1011 3847 classe
1034 3785 1279 3864 hebdomadam,

135 3889 205 3949 etc
234 3886 340 3968 primo
364 3888 477 3951 classis
501 3889 654 3973 cuiusque
678 3889 786 3974 capite
815 3889 938 3953 desumi
963 3890 1179 3973 coryphaeum
1204 3891 1278 3953 soli·

136 3995 217 4074 tum,
246 3991 279 4054 id
307 3992 465 4075 quadres
494 3993 565 4076 ipsa
589 3996 754 4059 suadebat.
791 3994 859 4059 Nec
888 3995 1002 4079 quibus
1029 3996 1235 4078 potissimum
1262 4019 1279 4058 c

136 4098 239 4179 poetis
264 4097 354 4161 illam
377 4097 611 4161 hebdomadam
634 4100 740 4165 Varro
764 4101 996 4185 composuerit,
1020 4102 1107 4183 latet,
1131 4102 1158 4163 si
1182 4101 1276 4164 modo

136 4213 344 4221 -——-—-—

139 4253 253 4308 saeculis
282 4252 406 4322 singulas
434 4253 648 4309 fortissimorum
673 4257 994 4326 sapientissimorumque
1021 4258 1209 4311 hebdomadas
1236 4276 1276 4319 ec-

140 4339 222 4478 lveotas
244 4359 311 4442 ,esse
339 4340 473 4409 coniciet,
507 4342 625 4398 artificio
653 4345 728 4398 haud
756 4363 820 4400 sanc
848 4346 965 4416 indigno
993 4349 1093 4418 arguta
1121 4346 1278 4402 subtilitate

163 4446 274 4485 acroma
