2924 5046
447 317 490 364 zu
515 316 771 365 uererrrscner
795 317 970 364 Ausones.
1215 300 1279 365 839

133 458 255 540 lungen
285 459 345 522 wie
375 459 468 544 folgt.
513 458 642 524 «Ueber
673 459 783 523 diesen
810 460 845 523 in
868 459 1070 524 mehrfecher
1092 460 1279 544 Beziehung

134 565 391 651 merkwdrdigen
424 563 533 630 Codex
569 564 697 629 behulte
732 564 784 629 ich
815 565 877 630 mir
905 588 964 630 vor
994 570 1104 650 spdter
1131 565 1278 633 Ndheres
1295 594 1332 634 res

134 670 367 736 mitzutheilen.
413 669 570 736 Derselbe
603 670 730 736 enthelt
761 672 833 736 eine
864 672 1032 737 ziemliehe
1062 672 1191 738 Anzahl
1222 697 1279 741 zur
1418 679 1419 682 ’

135 779 347 844 lateinischen
359 780 559 864 Anthologie
574 778 747 864 geh'c'rriger
759 778 885 844 kleiner
895 778 1059 864 Gedichte,
1069 780 1120 845 die
1130 801 1280 866 grossen-
1340 787 1345 797 '

134 887 232 951 theils
261 908 303 950 en
326 886 387 950 den
411 885 504 950 Rand
528 885 794 970 beigeschrieben
818 885 903 969 sind,
927 887 1004 951 aber
1026 887 1111 952 noch
1134 888 1179 951 im
1203 888 1280 954 9ten

133 993 358 1067 Jahrhundert
390 993 600 1077 geschrieben
632 1016 670 1056 zu
703 992 773 1057 sein
806 992 966 1058 scheinen.
1017 994 1180 1060 Darunter
1208 995 1281 1060 sind

134 1100 216 1164 auch
241 1100 346 1184 einige
370 1100 598 1184 ungedruekte‚
622 1099 719 1163 meist
742 1099 970 1165 mdnchischen
986 1099 1184 1187 Ursprungs,
1206 1126 1278 1167 zum

108 1281 110 1283 ,
134 1206 229 1270 Theil
250 1207 327 1270 eber
351 1206 597 1270 unvcrlrennbar
618 1206 776 1290 frtlherer,
800 1207 945 1272 besserer
969 1207 1040 1271 Zeit
1063 1208 1279 1294 engehdrend

134 1336 159 1378 z.
183 1313 219 1378 B.
243 1312 403 1398 folgende,
428 1313 546 1377 dicim
570 1312 679 1378 codex
703 1314 775 1379 dem
799 1313 905 1401 virgil
930 1313 1093 1400 beigelegt
1116 1315 1257 1381 werden:

132 1523 185 1590 (el.
201 1524 283 1593 θοὴ.)
325 1498 394 1573 ‘De
418 1511 579 1595 quodam
603 1532 684 1575 cum
709 1507 887 1575 cruribus
911 1509 1084 1595 obliquis

115 1614 118 1618 ’
648 1615 756 1681 nato’
1152 1632 1243 1702 Virgl.

220 1776 273 1841 En
297 1778 352 1843 det
375 1781 561 1862 aperturam
585 1799 714 1842 crurum
737 1777 864 1842 fluxura
885 1798 1069 1860 recuruam,

264 1886 309 1949 Et
331 1889 421 1968 patet
444 1884 568 1949 oblicus
592 1883 678 1948 inter
700 1888 872 1968 utrumque
896 1884 1001 1948 loeus:

221 1991 292 2067 Quo
314 1992 504 2077 pregnantis
528 2013 629 2076 equae
652 1991 831 2056 calcaribus
854 1995 970 2076 urgeat
993 1991 1117 2073 aluum,

266 2095 409 2162 Curuato
434 2099 456 2162 dt
480 2101 586 2162 tutum
610 2118 701 2162 crure
724 2099 762 2162 fit
784 2097 872 2162 intus
896 2119 985 2163 onus.

130 2309 182 2378 (Bl.
198 2315 231 2363 99
242 2310 279 2377 b.)
309 2293 569 2358 ‘Tetrasticon
588 2294 631 2357 de
651 2294 812 2378 quadem
831 2316 903 2358 anu
923 2293 1098 2377 quaellll

339 2401 540 2464 dumtaxat
562 2400 695 2465 dentes
719 2401 843 2471 fertur
865 2398 1064 2464 habuisse'
1141 2413 1274 2538 xpiirpilius

1172 2503 1187 2540 θ
1206 2503 1257 2540 sua

222 2562 380 2644 Quatuor,
403 2564 440 2625 ut
462 2561 608 2644 memini,
631 2560 761 2624 fuerant
784 2560 845 2624 tibi
869 2560 955 2624 delia
978 2546 1103 2624 dentes:
1149 2555 1263 2610 nutrice.

265 2668 412 2732 Abstulit
435 2691 499 2732 una
521 2669 601 2733 duos
625 2668 725 2733 tussis
750 2669 773 2731 dt
796 2689 861 2732 une
883 2667 971 2731 duos.

218 2776 287 2839 Iam
312 2794 427 2839 secura·
446 2780 539 2859 potes
563 2775 686 2840 cunctis
710 2774 828 2839 tussire
852 2774 979 2867 diebus:

262 2879 318 2945 Nil
341 2882 420 2966 iam,
444 2882 529 2966 quod
552 2881 662 2965 tollat,
686 2880 783 2945 tertie
805 2880 905 2944 tussis
928 2880 1037 2944 habet.

454 3059 523 3124 ‘De
547 3060 719 3143 lmagine
743 3059 766 3123 dr
790 3055 943 3122 Somno'
996 3046 1000 3053 ¹
1181 3074 1254 3198 ‚lpem

1179 3163 1189 3197 l
1209 3163 1261 3201 em.

218 3221 357 3285 Pulchre
380 3221 481 3285 comis
504 3221 660 3306 annisque
683 3220 798 3285 decens
823 3219 846 3283 dr
870 3218 1005 3283 candida
1027 3218 1120 3283 uultu

261 3326 361 3391 Dulce
385 3327 565 3411 quiescenti
587 3327 679 3391 basia
703 3327 822 3390 blenda
845 3325 954 3391 debes.

218 3434 252 3499 Si
275 3438 308 3498 te
331 3435 396 3498 iem
419 3432 560 3518 uigilans
584 3455 650 3497 non
673 3454 816 3515 unquam
840 3452 968 3496 cernere
992 3454 1139 3516 possum,

262 3538 392 3624 Somne,
415 3561 542 3624 precor,
564 3539 684 3623 iugiter
707 3538 831 3602 lumine
854 3543 966 3602 nostra
989 3542 1071 3603 tene.

393 3717 460 3782 ‘De
484 3715 603 3782 Caluo
628 3740 648 3779 a
671 3714 800 3780 (dulice
824 3714 998 3780 cbuieto'

217 3879 360 3956 Stridula
383 3900 494 3942 musea
515 3878 631 3943 uolans
655 3877 782 3941 euluum
806 3875 972 3959 conspexit
995 3878 1132 3939 euntem.

217 3986 328 4069 Calue,
351 3985 471 4067 uiator,
496 3985 554 4068 eit,
578 4007 641 4068 quo
665 3983 795 4069 tendis?
818 3982 894 4047 cede
917 4003 1105 4066 parumper,

216 4094 337 4177 Perque
361 4097 435 4157 tuos
459 4093 543 4177 iure,
566 4093 621 4175 qui
644 4093 892 4174 restentret10‚
915 4089 1064 4174 capillos,

216 4201 268 4264 Me
292 4203 420 4284 gratem
443 4199 540 4264 liceat
561 4201 667 4262 rostro
691 4198 859 4281 decerpere
882 4197 999 4260 sedem.

216 4307 270 4372 Sic
293 4308 340 4371 eit
363 4306 567 4390 &trepidum
591 4304 803 4370 circumuolat
824 4303 964 4387 inprobe
986 4305 1128 4369 saluum:

217 4414 264 4477 At
286 4416 400 4476 contre
422 4412 477 4476 ille
499 4412 619 4477 timens
643 4411 740 4478 solito
764 4414 862 4496 eaput
884 4414 979 4474 ornat
1002 4411 1130 4477 amictu.
