2888 5040
245 329 309 392 336
375 329 378 333 ’
516 344 756 404 ovnusrionns
781 342 1117 391 onenarououmsa.

244 492 294 552 ter
317 486 598 571 Lemniselene‚
626 488 773 572 quamvis
797 486 905 570 aliquo
928 485 1024 550 modo
1049 484 1298 569 opitulantibus
1322 487 1402 551 Διο-

245 598 401 674 vunnu,
431 595 669 673 Arovuciburpoc
697 594 781 677 apud
805 592 840 658 O.
859 593 998 658 Keilium
1017 592 1112 657 Anal.
1135 592 1241 677 epigr.
1267 597 1305 658 et
1325 614 1404 658 ono·

245 702 355 764 matol.
386 723 416 783 p.
442 702 518 766 169:
546 725 604 767 nee
629 701 835 765 Calidorus
866 698 1132 783 αΚαλίδωρο(*)
1163 700 1405 784 potiusquam

200 830 264 873 u1a
289 807 518 887 Καλόδωρο(
542 807 593 892 (ut
613 805 783 894 Καλονίκη)
806 807 969 872 cinximus:
992 827 1069 871 nam
1087 806 1127 869 de
1147 807 1405 886 Καλλίδωρο(

245 915 373 997 quidem
401 915 471 979 lieri
499 912 706 978 Calidorus
730 913 783 976 vix
812 912 929 996 potuit.
971 912 1065 977 Vnde
1087 911 1245 997 progredi
1271 913 1406 998 longius

245 1021 357 1085 licebit
380 1025 412 1084 et
431 1021 469 1085 de
489 1020 628 1086 Euclio
647 1020 753 1084 forma
771 1019 921 1083 dubitare
938 1041 1015 1083 num
1036 1034 1190 1103 graecum
1209 1021 1406 1104 exemplum

245 1127 385 1192 Εὐκλίων
416 1129 655 1194 antistitum
684 1128 807 1210 potius,
836 1129 872 1190 ut
901 1128 1094 1209 Παγκλέων,
1123 1124 1297 1195 habuerit
1343 1126 1407 1192 Hie

246 1235 401 1317 exemplis
426 1233 694 1319 quemadmodum
719 1255 728 1296 ι
749 1232 784 1295 in
802 1253 818 1296 e
835 1233 977 1316 transiit,
999 1233 1047 1296 itu
1063 1230 1246 1296 videndum
1267 1253 1312 1297 ne
1330 1254 1407 1298 eou-

195 1371 198 1376 ·
244 1341 380 1405 trarium
404 1341 557 1406 acciderit
579 1339 613 1403 in
635 1337 781 1403 Saurea
803 1339 947 1422 nomine,
971 1340 1009 1403 de
1034 1338 1123 1403 cuius
1148 1357 1276 1422 graece
1300 1339 1408 1407 forma

245 1448 407 1527 (cupiet
438 1450 579 1529 constat,
612 1446 650 1509 de
675 1446 843 1523 (nuptus
871 1466 936 1509 non
959 1446 1052 1508 item:
1086 1466 1294 1528 quamquam
1324 1447 1408 1513 nihil

245 1557 295 1618 est
324 1576 400 1618 sane
424 1577 480 1618 cur
503 1552 649 1637 potuisse
673 1556 845 1636 utramque
873 1574 933 1616 usu
956 1551 1064 1615 venire
1087 1570 1252 1635 negemus
1279 1557 1319 1617 ut
1343 1556 1406 1619 Χα-

247 1661 334 1740 βρία(
358 1666 391 1724 et
416 1663 572 1743 Χαβρέα(,
603 1658 738 1723 Καλλία(
762 1664 795 1723 et
820 1660 961 1723 Καλλέα(
984 1662 1018 1722 et
1041 1679 1122 1742 quae
1146 1656 1250 1724 huius
1275 1661 1407 1745 generis

244 1767 384 1851 plurima
408 1767 534 1831 Keilius
558 1756 740 1850 composuit
762 1766 783 1830 l.
807 1787 832 1830 c.
855 1788 886 1849 p.
911 1766 951 1829 n
968 1787 1014 1849 sq.
1040 1766 1081 1829 74
1097 1787 1144 1848 sq.
1172 1765 1253 1830 152.
1278 1767 1347 1832 246
1361 1790 1406 1852 sq.

245 1855 365 1938 Mirum
394 1879 502 1938 autem
526 1874 582 1955 sit,
610 1873 637 1936 si
661 1895 679 1936 u
703 1872 813 1935 littera
837 1871 870 1935 in
893 1892 910 1936 ο
933 1872 1042 1956 potius
1067 1894 1165 1957 quam
1189 1872 1229 1936 in
1252 1895 1277 1937 α
1301 1877 1405 1940 trans·

246 1980 320 2045 ierit
338 1981 372 2044 iu
386 1979 599 2044 Pseudolus
618 1980 758 2063 nomine,
777 1977 862 2063 quod
881 1979 991 2044 nescio
1009 2001 1051 2043 an
1066 1979 1295 2046 Pseudulus
1309 1986 1406 2066 poeta

246 2085 365 2151 dixerit
378 2109 398 2150 a
412 2087 577 2152 Ψεαδύλο(
593 2085 643 2172 (ut
657 2085 836 2171 Φειδύλοτλ
869 2085 1043 2151 Praeterea
1056 2109 1129 2150 cum
1145 2086 1185 2151 de
1200 2086 1406 2171 Byrria**)

247 2193 347 2257 Andr.
372 2193 452 2256 satis
476 2197 611 2276 constet,
634 2216 767 2277 prorsus
792 2193 968 2279 singularis
992 2198 1043 2258 est
1066 2191 1231 2277 Stilpho
1257 2194 1405 2259 formsc

250 2299 396 2365 (rituum
419 2299 506 2364 facta
528 2299 657 2364 Phorm.
679 2301 710 2383 2,
733 2301 763 2383 3,
786 2301 838 2364 42.
862 2301 914 2382 43,
937 2321 1003 2364 non
1026 2300 1297 2383 discrepantibus
1321 2302 1405 2366 colli

246 2406 348 2470 cibus.
401 2404 528 2470 (lentior
564 2407 662 2471 etiam
700 2407 735 2469 in
770 2406 925 2470 mutanda
955 2405 1187 2469 terminatione
1224 2406 1406 2472 latinorum

246 2517 415 2596 poetarum
451 2513 592 2578 licentia.
642 2512 775 2596 Ineptus
809 2513 854 2576 sit
885 2512 1045 2596 profecto,
1081 2512 1138 2596 qui
1172 2512 1214 2577 de
1250 2514 1405 2594 Aicxwoc,

246 2619 384 2698 Εὔτυχο(
403 2619 590 2683 nominibus
610 2620 733 2704 cogitet
751 2623 884 2703 propter
897 2620 1001 2684 latina
1015 2618 1242 2685 Aeschinus
1258 2621 1406 2706 Adelph„

246 2725 445 2809 Eutychus
465 2723 570 2803 Mera,
595 2725 802 2809 quantumvis
826 2727 1043 2790 contestatam
1067 2725 1255 2793 habeamus
1274 2734 1406 2812 praeter

246 2830 385 2911 Εὐτυχῆ(
409 2831 508 2894 ctiam
532 2831 700 2909 Εὔτυχα(
723 2832 875 2914 formam3
899 2853 957 2894 nec
981 2829 1203 2898 Daemones
1228 2833 1320 2901 Rud.
1342 2856 1405 2900 non

246 2961 266 3001 a
284 2939 503 3017 Δαιμονεύ(
527 2936 648 3002 factum
673 2938 814 3022 putabis,
837 2937 921 3022 quod
946 2939 1046 3002 semel
1066 2942 1116 3003 cst
1135 2938 1170 3002 in
1185 2940 1405 3029 Anthologia

246 3042 293 3107 Vt
324 3048 431 3108 autem
462 3043 500 3107 de
524 3043 705 3124 Δαιμόνησ,
735 3045 782 3107 ita
810 3043 902 3108 valde
930 3044 1043 3110 dubito
1073 3044 1111 3108 de
1135 3046 1323 3133 Tdvbupoc,
1346 3050 1405 3114 etsi

246 3149 449 3233 'l’yndarus
474 3153 524 3212 est
541 3149 651 3213 latine.
689 3148 750 3213 Sed
770 3149 963 3233 exquisitius
982 3150 1062 3214 illud
1084 3154 1256 3239 estquod,
1280 3157 1310 3220 si
1331 3156 1405 3241 quid

246 3256 353 3333 video,
383 3257 415 3319 in
440 3254 584 3339 Captivis
608 3255 917 3339 Aristophontes
945 3279 1063 3322 nomen
1085 3265 1234 3326 nonest
1257 3262 1301 3327 ad
1326 3263 1406 3344 Ἀρι·

248 3363 426 3442 (τοφόντη(
459 3363 596 3427 formam
632 3363 863 3446 revocandum,
896 3386 978 3448 quae
1011 3365 1060 3428 sui
1094 3364 1242 3432 similem
1275 3374 1407 3453 praeter

247 3468 473 3548 Ἀργειφόντα(
501 3469 624 3533 nullam
650 3464 783 3552 habeat,
807 3471 863 3535 sed
888 3471 928 3535 ad
953 3468 1202 3555 Ἀρκτοφῶν,
1239 3482 1405 3556 -φῶνταῑ

247 3575 376 3660 quando
401 3575 582 3640 inauditum
607 3575 870 3658 Ἀρκτοφώντητ.
916 3575 976 3643 Oui
1000 3577 1109 3662 aliqua
1133 3600 1172 3644 ex
1197 3588 1299 3665 parte
1324 3606 1406 3650 com·

304 3803 330 3871 *)
349 3803 407 3858 Soli
427 3803 473 3858 vel
492 3801 577 3858 errori
595 3804 641 3858 vel
660 3805 855 3874 neglegentiae
874 3805 1054 3860 scribentium
1073 3806 1230 3866 tribuenda
1248 3818 1320 3870 aunt
1337 3832 1407 3886 quae

247 3908 387 3961 perpauca
405 3892 569 3947 offendimus
588 3895 716 3948 αΚαλι-
735 3893 907 3964 incipientia,
926 3894 1021 3963 qualia
1041 3912 1055 3948 c
1079 3898 1204 3952 vasculis
1219 3898 1337 3958 Keilius
1351 3904 1369 3961 l
1384 3922 1406 3959 c.

248 3981 483 4037 commemoravit.
523 3981 604 4047 Quod
627 3981 739 4050 quidem
763 3982 804 4037 ita
828 4000 887 4038 csse
907 3984 952 4039 vel
970 3984 1075 4039 latinae
1094 3983 1304 4058 inscriptiones
1323 3992 1406 4048 docu-

246 4073 341 4124 mentc
365 4073 443 4138 sunt,
466 4070 495 4125 in
514 4071 615 4140 quibus
634 4070 790 4141 Caliope‚
814 4071 994 4142 Calippus‚
1018 4071 1168 4143 Calistn,
1196 4076 1363 4137 calistus
1380 4084 1408 4136 st

247 4159 277 4213 id
296 4178 383 4229 genus
402 4161 460 4215 alia
476 4177 531 4215 uon
550 4164 616 4215 eunt
634 4177 704 4216 rara.

303 4266 344 4335 **)
365 4267 415 4320 Vel
435 4268 527 4336 potins
542 4271 592 4322 aut
606 4268 718 4322 Birria
738 4271 787 4323 aut
801 4269 934 4323 Burrio:
954 4270 1195 4339 quemadmodum
1212 4275 1306 4334 Sura
1319 4279 1408 4335 forna

247 4355 276 4408 in
299 4357 413 4426 optimis
437 4356 515 4410 libris
534 4359 645 4412 servata
663 4361 706 4411 cst
724 4357 835 4411 Trucul.
855 4364 880 4427 2,
899 4365 925 4425 4,
944 4366 986 4413 51.
1007 4366 1031 4428 6,
1051 4367 1086 4414 49
1106 4364 1137 4415 et
1156 4368 1193 4418 60
1213 4365 1360 4437 (Suria),
1380 4370 1409 4424 et

247 4444 378 4498 tenuibus
397 4445 563 4512 quibusdam
581 4445 707 4517 vestigiis
727 4447 811 4502 ctiam
831 4447 906 4501 alibi.
