2888 5040
579 336 864 385 counnurnmva
1229 320 1295 386 255

244 478 314 562 Peg.
343 480 405 553 211,
434 479 544 560 thq.
577 480 703 562 positos
732 478 875 544 Volcatii
908 478 1054 541 senarios
1085 479 1169 543 tales
1202 485 1295 544 vetuo

125 585 315 653 Parisinus
338 583 496 668 prodidit:
518 586 573 649 sed
587 590 623 649 ut
636 584 716 665 Afer
727 585 843 667 populo
861 604 913 647 soc
935 585 1103 649 comoedias
1125 586 1214 663 dedit,
1237 587 1296 649 itte

125 696 223 759 him
242 693 274 756 ic
285 693 400 758 daem
415 692 497 771 fecit.
523 713 637 756 nartem
654 696 690 755 ut
706 691 797 756 cerret
819 691 998 773 conscendit,
1020 691 1109 755 elisua
1126 711 1297 773 numquam

127 807 196 867 aut.
246 801 288 864 sic
312 800 381 864 oica
406 803 507 863 crocet
554 797 697 874 Quorum
724 819 875 862 versuum
903 797 1009 879 primo
1039 797 1101 861 soli
1125 797 1213 862 casui
1237 797 1295 862 tri·

131 905 310 972 buendum
333 910 385 971 eet
408 905 495 990 quod
519 905 577 968 illc
599 904 729 969 inverso
748 903 859 968 ordine
878 903 1047 968 conuectos
1065 904 1148 969 dedit
1164 904 1296 968 exhibet

140 1036 209 1098 pro
244 1034 278 1078 co
307 1012 393 1096 quod
424 1013 524 1078 ceteri
557 1011 634 1076 libri
665 1031 775 1075 omnes
806 1013 976 1073 servamnt
1004 1009 1087 1073 dedit
1119 1011 1295 1075 contocdioc·
1421 1023 1427 1036 '

146 1117 247 1196 Quod
271 1140 340 1183 cum
367 1141 448 1202 praa
475 1118 534 1184 illo
561 1117 686 1202 sprevit
712 1115 853 1181 Rothius
881 1138 912 1199 p.
938 1114 1014 1197 184,
1046 1136 1112 1179 non
1135 1114 1295 1198 cogitavit

153 1230 287 1289 vaterem
305 1230 403 1310 atquc
422 1227 591 1310 antiquum
610 1229 740 1308 poetam
759 1222 886 1287 nullum
905 1226 973 1286 tam
992 1222 1155 1286 elumbem
1174 1221 1295 1296 exitum

157 1331 321 1396 iambicum
342 1333 557 1417 probaturum
580 1331 694 1415 fuisso,
719 1353 813 1415 quem
836 1336 905 1395 taur
928 1329 1023 1393 facile
1047 1329 1150 1393 vitare
1174 1333 1295 1412 posset.

162 1435 320 1502 Praeterea
347 1439 401 1504 vix
431 1437 566 1523 dignum
589 1438 768 1520 mentione,
797 1438 833 1501 in
855 1436 1015 1501 Vrbinate
1040 1436 1149 1501 codice
1173 1439 1206 1500 et
1229 1434 1295 1499 edi·

166 1542 248 1606 tione
271 1543 412 1628 principe
440 1544 611 1626 transponi
637 1563 691 1609 seco
712 1544 841 1626 popello,
872 1544 908 1607 in
938 1531 1009 1608 sola
1031 1542 1178 1626 principe
1201 1541 1297 1604 edidit

170 1652 288 1713 exstare.
322 1647 447 1715 Contra
468 1650 539 1715 fieri
562 1654 672 1732 potest
695 1655 732 1715 ut
755 1651 796 1714 ab
819 1650 916 1715 initio
935 1671 1047 1714 versus
1071 1654 1128 1713 aut
1141 1647 1203 1714 Sed
1215 1647 1296 1727 Aser

169 1754 267 1833 ppido
284 1761 318 1820 ut
336 1776 391 1821 sca
411 1756 441 1820 d.
463 1776 488 1821 c.
510 1760 582 1835 aut,
606 1755 690 1839 quod
715 1756 814 1819 etiam
837 1756 964 1841 gratius
988 1755 1026 1819 ad
1052 1777 1145 1819 aures
1170 1752 1295 1836 accidit,

172 1856 228 1922 Sed
247 1863 346 1944 populo
375 1867 411 1927 ut
432 1862 513 1942 Afer
538 1882 592 1929 accc
618 1863 648 1927 d.
675 1882 699 1927 c.
727 1861 852 1926 dederit
879 1867 991 1945 poeta:
1025 1883 1162 1946 quorum
1185 1865 1295 1924 tamen

173 1968 302 2033 neutrum
320 1969 551 2034 necessitatem
572 1969 693 2034 habere
717 1967 955 2034 eoncedendum
978 1974 1037 2033 est.

240 2072 350 2141 dltero
365 2097 460 2141 versu
475 2081 513 2141 ut
525 2075 634 2140 hiatus
649 2075 830 2158 tolleretur,
853 2079 982 2159 praeter
996 2079 1100 2138 artem
1114 2077 1294 2138 correctum
1406 2140 1409 2145 ,

175 2179 221 2237 ‘St
238 2198 329 2246 nocem
350 2202 422 2248 crem
443 2182 542 2260 secret
565 2181 649 2266 quod
673 2204 784 2247 rursus
809 2203 881 2247 cum
900 2181 1061 2246 Vrbinate
1084 2180 1169 2245 libro
1193 2179 1293 2245 editio

174 2279 300 2369 Princeps
327 2289 514 2373 participat.
568 2287 673 2354 Multo
706 2289 811 2355 lenius
841 2289 914 2369 fecit
944 2293 973 2352 ct
999 2308 1112 2352 noctem
1140 2292 1177 2351 ct
1204 2286 1295 2350 sonet

175 2377 517 2480 Rotliuproponebat,
540 2395 595 2459 sed
614 2392 801 2479 refragante
820 2395 995 2477 latinitate,
1019 2416 1101 2479 quae
1120 2395 1154 2458 in
1172 2394 1294 2457 talibus

175 2501 361 2579 conpatitur
381 2507 411 2566 et
432 2501 637 2587 particulam,
661 2502 716 2567 ced
740 2507 843 2566 aretem
866 2501 1021 2585 postulat.
1063 2501 1146 2577 Quid
1169 2498 1294 2565 multa?

177 2591 293 2670 finitimo
311 2629 421 2674 narica
444 2610 602 2674 vocabulo
626 2610 817 2693 absorptum
841 2612 891 2673 est
913 2613 1029 2685 corteto,
1058 2608 1104 2671 sic
1134 2612 1170 2670 ut
1197 2610 1294 2689 pocta
1356 2585 1362 2597 ’

178 2702 329 2787 sel'ipocritz
358 2737 473 2780 nouato
499 2721 602 2780 auton
630 2722 666 2780 ut
691 2717 790 2780 seoccl.
835 2714 904 2779 Neo
932 2716 1019 2779 enim
1047 2717 1133 2777 recte
1156 2713 1190 2775 in
1214 2712 1294 2794 ipsis

178 2807 209 2862 “l
239 2811 334 2886 litteris
364 2822 518 2887 mutilam
554 2828 656 2887 cutem
688 2821 888 2905 particulam*
919 2841 1056 2905 quaeres
1094 2819 1294 2901 salutemque

179 2925 304 3004 e&rupto
324 2928 431 2993 versui
449 2928 536 2993 hanc
549 2929 808 2994 comminiscere:
831 2948 944 2992 aercae
957 2932 1061 2991 cutm
1074 2926 1171 2990 secred
1188 2924 1199 3007 ΙΙ
1217 2923 1294 2988 Ooo-

179 3023 316 3096 moion
338 3055 363 3098 e.
387 3034 501 3100 ‘simul
525 3035 648 3120 atque’.
693 3034 768 3099 Etsi
798 3035 884 3098 enirn
908 3034 1047 3118 pristina
1070 3032 1166 3097 sacerd
1189 3032 1295 3095 forma

180 3130 302 3201 l¹¹⁰liens
320 3162 386 3205 non
409 3141 578 3207 intellecta
600 3142 744 3230 librariis
767 3142 802 3206 in
824 3141 918 3205 cernel
939 3139 1122 3222 transierit,
1150 3139 1231 3203 satis
1256 3160 1293 3202 ea

182 3239 301 3322 exempla
319 3245 435 3313 docent
459 3269 540 3331 quae
564 3247 822 3332 Prolegomenon
847 3246 1071 3310 Plautinorum
1094 3262 1295 3329 p.xcv11sq.

182 3343 330 3437 ωωΡθειιὶ,
359 3358 471 3418 tarncn
495 3353 651 3419 hocloco
676 3376 747 3418 eam
772 3355 825 3417 vix
848 3353 973 3436 patitur
997 3354 1172 3436 sententia,
1205 3374 1295 3437 quae,

183 3449 243 3507 ⁰⁰¹1]
264 3453 436 3545 insequatur
463 3452 791 3543 utsus'uumquunut,
822 3482 888 3524 non
912 3457 1024 3522 ‘simul
1048 3458 1161 3542 atque’
1185 3460 1294 3542 potius

125 3558 128 3565 ¹
185 3555 263 3619 ‘1¹¹³OE
284 3561 481 3651 ‘postquam’
509 3567 676 3631 notionem
705 3566 859 3650 postulat.
889 3603 931 3613 —
960 3565 1110 3631 Ceterum
1139 3565 1293 3649 quoniam

185 3659 332 3736 ”mettano
353 3696 432 3739 sane
455 3695 521 3739 non
545 3678 595 3738 cst
617 3676 667 3738 vel
690 3681 793 3738 certem
822 3676 872 3739 vel
896 3665 963 3738 ulla
986 3673 1164 3758 particula,
1195 3673 1293 3736 etiam
1308 3689 1347 3729 ⁵1⁸

125 3796 127 3801 ·
189 3749 388 3853 trantponcndo
413 3781 522 3845 sanari
545 3801 675 3844 versum
698 3802 793 3863 posse
813 3781 1030 3845 Buechelerus
1054 3779 1193 3843 monuit:
1214 3779 1294 3858 fecit.

193 3885 361 3930 χ
404 3916 413 3929 .

194 3959 283 4051 {neap
296 3984 347 4042 cal.
366 3993 409 4043 cc.
429 3987 512 4057 vesp.
533 3996 558 4057 o,
576 3989 729 4057 cpecocoo
749 3987 805 4043 eal.
826 3995 868 4058 oo,
888 3991 991 4045 crocco
1011 3987 1107 4044 claud.
1126 3995 1164 4045 13.
1184 3989 1242 4043 vit.
1263 3996 1293 4042 c:

196 4046 357 4160 &addere
374 4077 479 4131 theatro
498 4076 563 4130 Nar.
575 4082 619 4145 23,
638 4077 761 4132 accedere
779 4080 903 4133 sacrario
921 4079 1000 4134 Dom.
1014 4085 1053 4131 to.
1083 4079 1202 4132 Accedit
1215 4095 1293 4147 prae·

198 4148 269 4244 lf¹⁸¹l1⁰
285 4157 336 4217 llb.
354 4170 387 4218 ‘12
412 4182 427 4220 e
449 4166 580 4220 conuiuio
604 4167 754 4235 epredienc,
782 4166 849 4235 quia
872 4167 1031 4223 convivium
1055 4183 1110 4220 non
1133 4167 1219 4221 habet
1239 4168 1292 4221 loci

200 4237 379 4324 ”tutationem
406 4255 562 4323 propriam,
591 4272 647 4324 quo
670 4272 766 4308 cauma
790 4254 876 4309 etiam
899 4257 932 4311 de
955 4261 1087 4324 potestate
1107 4257 1198 4324 patris
1220 4257 1295 4309 entre

201 4309 273 4382 ᾱιοὴιη1
288 4340 323 4392 at
336 4342 392 4397 Vit.
407 4351 432 4399 6.
465 4342 584 4398 Diversa
601 4344 709 4399 rationo
728 4345 788 4414 regi
807 4348 925 4415 apparet
943 4345 1016 4413 quod
1036 4346 1078 4398 cet
1097 4345 1193 4399 Claud.
1209 4352 1242 4399 23
1262 4351 1293 4399 ut

202 4402 253 4465 llll
264 4418 361 4491 lapsam
379 4435 490 4488 unium
507 4438 613 4488 uetaret
631 4435 722 4502 epredi
740 4435 774 4489 ab
793 4434 867 4488 urbe.
