2924 5046
168 311 235 375 390
591 323 638 370 nu
662 324 696 371 u.
720 323 897 369 vanaoxrs

166 470 301 533 litaturo
330 467 497 550 scripsisse
521 469 604 530 teste
626 463 799 528 Itinerario
823 464 914 528 Alex.
936 462 981 529 M.
1004 486 1030 529 e.
1055 465 1084 530 6.
1130 464 1181 541 Qu

166 576 213 638 ita
237 578 356 657 essent,
378 575 504 639 nescire
528 596 562 638 se
586 574 693 637 fassus
713 578 763 637 est
777 572 967 637 Krahuerus
987 596 1019 656 p.
1033 573 1086 655 23,
1108 572 1165 636 ubi

168 681 277 764 posita
299 680 438 744 fuissent
459 680 644 764 fragmenta
669 701 688 743 a
711 679 817 743 Plinio
842 678 1048 762 potissimum
1072 683 1181 743 servat

168 787 208 852 ad
233 791 439 851 externarum
463 785 601 868 urbium,
625 784 781 870 gentium,
803 786 985 870 regionum,
1009 785 1136 849 viarum
1160 807 1181 849 o

167 916 240 958 nem
272 892 483 976 pertinerent.
528 891 588 957 Eis
618 913 704 956 nunc
734 891 823 955 loeus
852 892 1004 956 inventus
1032 896 1082 956 est
1104 892 1181 975 ing

166 1000 256 1065 tria.
306 998 400 1063 Vnde
429 998 571 1082 primum
600 1018 666 1061 non
699 996 884 1062 dubitamus
913 996 1098 1063 Gelliauam
1126 1019 1181 1061 me}

167 1110 312 1189 repetere
334 1105 374 1189 X,
399 1107 432 1170 7:
461 1106 561 1170 Varro
583 1109 686 1170 actem
709 1125 778 1168 cam
800 1107 836 1169 dc
853 1110 945 1188 parte
967 1105 1062 1187 orbis,
1085 1126 1164 1187 arrae

166 1215 293 1296 dieitur,
315 1213 486 1295 dissereret,
509 1204 543 1277 in
567 1213 665 1276 trihus
682 1212 799 1293 prinus
820 1212 886 1276 circs
910 1217 1009 1276 terrac
1029 1211 1181 1293 (lucranda

166 1321 285 1384 dacaru
312 1339 373 1386 esse
389 1321 488 1401 ponit.
534 1317 605 1393 Quo
628 1321 737 1382 tamen
761 1317 893 1383 minime
911 1319 1080 1409 ,pertinent
1107 1319 1181 1383 Vari

167 1426 299 1507 Europa
325 1424 425 1488 verba
452 1447 472 1489 a
493 1423 590 1488 Festo
614 1446 644 1508 p.
669 1424 731 1489 381
757 1423 800 1488 M.
824 1425 926 1489 allata
948 1430 1049 1490 tutam
1070 1426 1126 1491 sub
1149 1447 1181 1490 se

167 1535 241 1614 sent,
270 1551 352 1614 quae
380 1533 525 1595 extrema
548 1534 624 1594 sunt
646 1531 835 1614 hexametri,
858 1532 963 1615 petita
986 1535 1095 1595 autem
1119 1553 1136 1594 e
1161 1530 1181 1594 P

169 1635 274 1702 ronis
302 1636 457 1701 Atacini
492 1634 738 1721 Chorographia
770 1637 837 1701 sive
871 1636 1140 1721 Cosmographia,
1172 1660 1181 1700 i

168 1743 396 1808 Ruhnkenium
432 1743 539 1826 Epist.
576 1743 645 1807 crit.
676 1742 708 1806 Π
741 1766 772 1826 p.
805 1744 871 1807 200
910 1744 1075 1827 perspexit
1107 1742 1181 1807 Wur

168 1874 199 1935 p.
218 1851 270 1914 23.
308 1846 357 1913 Of.
380 1847 547 1913 Hertuium
571 1848 609 1912 de
633 1847 754 1913 Cinciis
777 1871 808 1933 p.
828 1849 879 1912 37.
917 1848 1128 1915 Memorabile
1153 1872 1181 1914 es

169 1956 287 2039 triplici
322 1955 467 2038 exemplo
496 1954 627 2019 Reatini
659 1954 877 2020 imitationem
910 1978 1064 2039 apparere
1097 1956 1128 2020 in
1162 1956 1181 2020 l

170 2060 459 2147 Cosmographiae,
489 2060 738 2145 Ephemeridos,
761 2061 800 2125 de
824 2084 888 2145 qua
911 2060 992 2125 dixit
1014 2061 1176 2147 Bergkius

170 2175 203 2234 et
227 2169 420 2246 Satirarum,
448 2167 476 2231 si
505 2167 600 2233 modo
631 2167 710 2232 fides
734 2166 914 2233 Horatiano
939 2168 1135 2234 scholiastae
1160 2170 1181 2233 ir

170 2276 196 2358 Ι,
221 2276 270 2358 10,
293 2275 345 2339 46.

260 2382 289 2446 2.
336 2379 490 2444 Omnium
514 2384 623 2445 autem
647 2381 787 2445 maxime
810 2381 969 2446 Varronis
993 2381 1181 2466 geographi«

171 2488 257 2552 nius
281 2509 358 2550 usus
381 2487 488 2551 estin
511 2486 662 2552 Naturali
685 2486 837 2570 historia,
866 2487 906 2552 iis
931 2487 1060 2572 quidem
1084 2488 1179 2553 libris

171 2593 329 2658 contineri
362 2593 465 2658 voluit
491 2595 583 2676 situs,
609 2599 724 2676 peotes,
752 2595 871 2671 orama,
901 2595 1027 2677 oppida
1048 2599 1174 2676 portus,

170 2700 313 2782 flaccina,
336 2720 505 2778 occisuras,
522 2700 654 2782 populos
676 2701 731 2782 qui
752 2707 826 2765 sicat
847 2706 903 2765 aut
922 2701 1059 2780 suerunt,
1082 2700 1114 2764 h.
1133 2722 1160 2765 e.

172 2806 213 2870 ad
240 2808 374 2870 sextum.
419 2803 541 2869 Eorum
570 2805 673 2890 igitur
696 2806 843 2871 ordinem
867 2807 1024 2871 librorum
1047 2807 1083 2871 in
1107 2828 1181 2871 exce

173 2912 387 2977 Varronianis
410 2911 606 2976 testimoniis
629 2933 689 2975 nos
712 2934 837 2996 quoque
857 2912 1032 2997 sequimur,
1056 2911 1181 2997 ascript

173 3024 222 3084 ter
258 3019 416 3084 librorum
452 3018 659 3103 capitumque
695 3042 846 3084 numeros
882 3021 1097 3105 paragraphis
1130 3019 1181 3085 Sil

173 3125 255 3190 Plin.
283 3122 346 3206 III,
377 3125 392 3186 1
427 3125 505 3204 §82
547 3125 591 3188 Ia
617 3126 795 3190 universam
823 3128 1018 3210 Hispaniam
1048 3128 1096 3192 M.
1126 3127 1181 3192 Vax

173 3233 288 3296 corase
310 3229 419 3295 Iberos
447 3236 476 3294 et
496 3230 611 3296 Persas
636 3237 665 3295 et
686 3231 856 3297 Phocaicas
879 3234 1035 3316 Geticoque
1063 3240 1092 3298 et
1114 3234 1181 3298 Poa

134 3359 160 3397 a
174 3338 235 3402 dit:
268 3336 370 3400 lusam
401 3337 484 3400 caim
512 3335 656 3423 (othrm‘l)
687 3338 793 3403 lriheri
814 3343 918 3421 patris
944 3346 1000 3405 aad
1026 3337 1157 3405 λύσσαν

174 3441 386 3508 malaxatum
408 3463 518 3507 nomm
540 3445 655 3509 ciedhse
672 3436 914 3527 lusitaniaact
932 3447 1025 3511 Pana
1041 3448 1181 3529 praefert·

174 3549 349 3614 uniuersae:
382 3548 421 3614 de
451 3571 587 3634 quorum
621 3551 782 3634 scriptura
810 3553 849 3616 ef.
873 3553 1045 3638 Silligium.
1069 3591 1111 3598 —
1134 3553 1181 3618 Ill

176 3655 230 3741 (ef.
248 3654 404 3721 Marcion.
418 3679 448 3741 p.
463 3657 556 3742 205):
580 3657 675 3722 Abest
698 3656 824 3743 (Italia)
847 3680 869 3723 a
891 3661 1089 3726 circumdatis
1112 3665 1181 3724 terri

175 3783 212 3826 aa
234 3763 390 3827 latomia
411 3763 595 3845 perdiccam
618 3764 690 3829 locis
712 3770 837 3830 centerta
858 3765 902 3830 M
916 3787 1010 3847 pass,
1032 3768 1072 3832 ab
1094 3767 1181 3848 Epir·

176 3869 270 3950 lyrico
283 3871 518 3954 quinquaqinta,
535 3871 574 3935 ab
592 3871 706 3952 Africa
729 3873 833 3937 atialus
851 3872 905 3938 00
919 3879 955 3936 ut
971 3879 1078 3938 auctor
1095 3873 1181 3938 eslIh

176 3976 215 4039 ab
237 3975 390 4040 Sardinia
412 3975 510 4042 CXX
530 3978 578 4056 M,
610 3978 649 4042 ab
671 3978 782 4042 Sicilaa
804 3980 849 4043 M
864 3979 999 4061 00000,
1030 4001 1052 4042 a
1070 3977 1181 4045 Corsa

177 4081 322 4165 LXXX,
350 4082 389 4146 ab
412 4083 485 4148 Isso
510 4084 743 4166 quirrqaapiala.
767 4122 809 4130 -
833 4083 890 4167 111,
917 4086 965 4167 10,
989 4085 1045 4147 95:
1074 4085 1164 4150 Patet

178 4186 327 4273 Graecia)
355 4191 506 4272 oclopiata
528 4210 580 4254 sea
603 4191 647 4254 M
659 4211 757 4272 peasa,
790 4196 952 4255 adorator
974 4197 1017 4255 est
1045 4192 1160 4268 Vorro;

177 4295 370 4360 LXXVM
385 4297 486 4376 secere.
510 4332 552 4341 —
585 4294 647 4378 Ill,
674 4299 728 4381 12,
754 4298 815 4361 109
844 4297 898 4382 (cf.
922 4296 1020 4362 Solin.
1044 4319 1069 4362 e.
1093 4298 1181 4363 2111<

179 4421 254 4486 apro
276 4400 408 4469 Reatino
431 4401 565 4470 Uistiliae
592 4403 706 4483 locator,
739 4405 773 4468 ia
799 4425 858 4487 quo
884 4404 1008 4486 fluetrtet
1034 4404 1141 4473 insula
1161 4404 1181 4489 (ι
