2924 5046
62 364 63 367 *
185 313 252 378 274
577 332 613 377 m
638 332 748 379 vrrrm
773 332 942 378 ranunrn

186 470 224 534 de
257 493 322 535 uno
351 469 501 555 Scipione
529 444 737 558 cogitaretrir.
787 473 931 557 Eiusque
961 472 1063 555 ipsius
1095 472 1254 558 cogitatio

187 577 299 661 paullo
324 578 423 641 etiam
447 580 680 662 promptiorem
704 581 852 663 proximo
876 601 970 644 versu
990 579 1059 643 fieri
1078 572 1242 663 putamus.

188 684 272 747 enim
304 677 389 768 quod
419 685 460 749 ab
485 686 579 751 initio
603 687 768 769 proditum
792 690 843 751 est
864 706 984 750 sommo
1006 685 1119 750 bonore
1142 685 1204 750 etsi
1229 708 1254 750 a«

186 790 334 874 gitimam
363 813 547 856 mensuram
575 791 732 856 Erasmus
762 793 1003 876 transponendo
1034 792 1214 875 revocavit,
1244 812 1254 855 r

186 897 332 981 exemplo
355 898 484 963 Honore
510 919 629 963 acosma
657 900 822 985 vulgatur,
850 903 961 963 tamen
987 890 1067 982 ‘quid
1098 895 1237 980 impedit

187 1002 292 1067 minus
325 1007 454 1069 servato
488 1005 598 1069 ordine
630 1005 801 1070 verborum
834 1004 1034 1069 intercidisse
1066 1004 1177 1086 potius
1209 1003 1254 1069 ali

187 1109 420 1195 existimemus,
453 1112 561 1176 hiatus
594 1115 631 1175 ut
659 1111 705 1175 sic
734 1115 951 1176 removeatur:
983 1109 1111 1175 Sammo
1134 1110 1202 1174 ille
1223 1110 1254 1174 b<

185 1214 313 1294 affectos
333 1216 402 1279 -‘?
423 1256 464 1262 —
484 1216 545 1281 His
569 1217 671 1303 igitur
692 1217 892 1303 argumentis
915 1217 1037 1281 moveri
1056 1238 1108 1280 me
1126 1238 1244 1299 passus

186 1326 222 1386 ut
245 1321 389 1407 Vagcllii
417 1324 592 1389 versiculos
622 1324 703 1388 tales
732 1324 843 1408 quales
873 1322 958 1387 edidi
989 1322 1243 1406 conformarem,

186 1428 255 1492 sine
279 1451 336 1513 spe
359 1429 532 1514 indagatae
556 1431 711 1495 veritatis.
753 1430 839 1514 [Ipse
862 1435 973 1495 tamen
996 1428 1196 1496 Bitschelius
1220 1452 1254 1513 p<

185 1533 393 1600 Fleckeiseno
418 1540 469 1619 est
491 1538 664 1602 obsecutus
687 1537 735 1600 ita
757 1537 953 1602 emendanti:

398 1641 501 1726 Tuae,
524 1643 668 1727 Terenti,
693 1665 774 1727 quae
798 1647 955 1708 uocantur
977 1642 1119 1723 fabulae,

399 1746 498 1813 Ouiae
522 1749 619 1813 sunt?
651 1771 716 1813 non
741 1749 800 1813 has
823 1754 873 1814 cet.
919 1747 954 1813 0.
968 1747 1034 1829 W.]

274 1851 348 1936 Peg.
374 1855 439 1929 214,
459 1854 476 1918 9
501 1854 586 1938 quod
609 1853 738 1939 Parerg.
762 1878 792 1939 p.
815 1855 881 1919 325
904 1855 1117 1920 ratiocinatus
1142 1878 1215 1921 sum
1240 1889 1254 1921 r

187 1959 290 2025 lodoro
313 1960 451 2043 Carystio
480 1983 500 2024 a
523 1960 651 2025 Donato
682 1961 838 2045 scripturn
867 1983 950 2044 esse,
978 1960 1054 2025 hinc
1076 1964 1114 2025 ut
1136 1961 1254 2047 duplex

187 2088 261 2130 men
291 2067 325 2130 in
352 2067 453 2132 vitam
478 2067 729 2132 Ambrosianam
753 2068 934 2150 transierit,
963 2068 1030 2131 eius
1055 2089 1107 2131 me
1130 2071 1254 2135 conieci

186 2194 227 2264 ne
250 2195 334 2238 nunc
358 2174 487 2257 quidem
506 2175 659 2258 paenitet.
700 2174 787 2239 Nam
806 2173 890 2238 unde
910 2174 1040 2239 tandem
1059 2174 1124 2238 nisi
1144 2197 1183 2240 cx
1203 2177 1254 2242 Do

187 2279 333 2345 hausisse
357 2280 454 2345 medii
479 2281 549 2345 aevi
573 2282 762 2365 scriptorem
786 2281 885 2344 istum
908 2284 976 2345 tam
1000 2281 1195 2365 exquisitam
1216 2306 1254 2347 m.

186 2388 269 2451 riam
288 2387 484 2471 putabimus,
503 2386 609 2471 qualis
628 2387 708 2453 haec
728 2390 786 2470 est,
806 2385 994 2471 Caryatium
1009 2409 1088 2471 esse,
1106 2409 1173 2452 non
1189 2388 1254 2454 Ger.

186 2497 318 2578 poetam
341 2494 394 2558 cui
417 2515 492 2557 suas
516 2492 643 2558 fabulas
667 2496 814 2576 acceptas
839 2494 975 2558 referret
997 2492 1191 2560 Terentius?
1231 2496 1254 2573 Q

187 2601 214 2664 si
239 2602 311 2685 quis
336 2623 375 2665 ex
397 2600 476 2684 ipsis
501 2601 741 2665 commentariis
766 2599 887 2664 Donati
911 2603 1037 2683 repetat
1059 2601 1094 2663 in
1112 2600 1254 2685 Hecyra]

134 2723 175 2764 ⁶³4
190 2706 418 2772 Phormionem
448 2707 591 2791 seriptis,
618 2729 753 2790 quorum
777 2707 811 2770 in
834 2706 1023 2790 prooemiiS,
1050 2706 1107 2770 ubi
1130 2729 1217 2772 nunc
1241 2746 1254 2773 r

187 2814 310 2879 lodorus
338 2813 458 2898 legitur
481 2812 685 2896 simpliciter,
714 2812 858 2897 potuerit
881 2812 990 2895 aliquo
1014 2812 1086 2877 loco
1111 2814 1254 2896 pleniore

187 2920 274 2983 mine
288 2920 495 3001 Apollodorus
509 2918 670 3002 Carystius
693 2919 799 2983 dictus
823 2941 906 2984 esse:
930 2919 992 2982 etsi
1021 2919 1066 2983 eis
1090 2926 1254 2986 comment

187 3029 237 3089 est
260 3047 337 3089 sane
359 3024 412 3088 hic
435 3025 575 3108 scriptor
597 3047 688 3107 usus,
712 3026 801 3089 velut
823 3025 858 3088 in
880 3024 946 3089 illis
971 3045 1052 3108 quae
1075 3024 1114 3088 de
1137 3025 1254 3092 Luscio

187 3131 307 3195 riuvino
335 3131 473 3213 rettulit,
501 3137 610 3196 tamen
639 3130 716 3214 quid
740 3134 789 3194 est
812 3152 946 3213 quaeso,
976 3152 1032 3193 cur
1054 3130 1254 3213 probabilius

187 3240 351 3301 statuatur
375 3259 472 3320 quam
495 3237 529 3300 in
553 3236 697 3301 auctario
721 3236 806 3301 vitae
828 3258 947 3301 nomen
969 3235 1090 3320 gentile
1108 3236 1254 3303 intercidi

187 3343 380 3427 praesertim
399 3365 471 3408 cum
491 3366 528 3408 ex
548 3364 584 3408 eo
605 3343 750 3408 auctario
769 3342 905 3407 finitima
924 3342 1114 3426 deprompta
1133 3344 1201 3408 sint
1219 3367 1254 3411 or

277 3448 370 3513 Vita
393 3453 501 3514 autem
521 3449 778 3514 Ambrosiana
802 3448 860 3514 illa
883 3446 994 3534 (quam
1014 3454 1090 3533 post
1107 3449 1222 3516 liothii
1242 3474 1254 3517 c

189 3558 301 3621 eodem
324 3556 393 3621 iure
411 3555 593 3621 Parisinam
617 3554 720 3640 dicas)
745 3555 806 3619 etsi
830 3555 948 3619 referta
972 3559 1022 3618 est
1040 3578 1117 3620 saue
1135 3557 1254 3622 addita]

188 3663 233 3727 tis
264 3685 329 3727 non
360 3685 377 3727 e
402 3662 522 3728 Donati
550 3663 601 3727 vel
630 3662 697 3727 vita
726 3662 777 3726 vel
806 3661 1038 3726 commentario
1066 3661 1194 3745 petitis,
1226 3665 1254 3728 te

189 3768 268 3834 haec
292 3771 402 3835 omnia
425 3771 472 3834 ita
491 3774 678 3853 comparata
698 3773 781 3852 sunt,
804 3773 841 3833 ut
864 3791 922 3834 suo
941 3769 1073 3853 ingenio
1092 3767 1195 3833 fretus
1212 3770 1254 3834 -tin

189 3876 328 3959 scriptor
346 3876 490 3961 potuerit
508 3876 715 3960 quantumvis
735 3875 924 3939 temerariae
939 3874 1133 3959 explanandi
1147 3897 1254 3942 exorm

189 4090 251 4152 los:
282 4090 473 4173 praesertim
501 4090 558 4154 ubi
586 4089 645 4153 illa
668 4088 868 4171 reputaveris
892 4086 933 4150 ad
957 4109 1054 4152 unum
1077 4085 1141 4152 hoc
1163 4087 1254 4155 cond

190 4195 302 4277 redire,
325 4199 362 4259 ut
384 4196 536 4259 itinerum
560 4195 704 4259 rationes
724 4216 743 4256 a
761 4198 859 4274 poeta
876 4192 1036 4256 factomm
1056 4192 1194 4259 clariore
1211 4193 1247 4261 in

190 4301 443 4365 conlocarentur.
499 4300 547 4365 De
579 4324 643 4384 quo
675 4304 712 4363 ut
744 4299 863 4363 certius
896 4298 1037 4363 iudicare
1070 4298 1199 4372 liceret.
1227 4300 1254 4372 ir

191 4407 290 4471 vitam
320 4405 424 4490 illam,
450 4407 535 4471 inter
559 4424 595 4470 lv
619 4406 782 4470 saeculum
806 4406 839 4467 ct
862 4421 900 4468 xl
922 4404 1091 4493 scriptam,
1118 4404 1184 4471 nd-
