2924 5046
470 120 547 168 srva
574 121 820 168 irirnnounnvn
844 123 948 168 mum.
1216 109 1280 171 553

80 228 235 343 logis,
258 260 336 326 item
362 261 495 327 athletis
520 264 732 348 ludorumque
757 265 960 348 publicorum
984 265 1176 349 victoribus,
1205 268 1281 330 arti·

99 342 249 430 ficibus
273 368 431 432 scaenicis
456 373 489 433 et
512 370 740 448 saltatoribus,
764 371 985 435 inventoribus
1011 372 1219 454 opificibusve
1243 375 1281 438 de

110 446 277 538 htllnauo
316 495 432 559 genere
474 477 555 539 bene
597 477 736 561 mentia,
777 479 1058 562 magnanimitatis
1100 480 1281 544 honestatis

127 581 372 647 sanctimoniae
395 584 428 647 in
453 585 521 648 vita
544 585 670 669 privata
695 586 923 668 comprobatae
948 586 1116 669 exemplis,
1139 588 1281 651 insolitis

135 682 188 748 Vel
217 687 251 751 in
285 687 437 772 fingendo
467 713 601 775 corpore
629 691 680 754 vel
713 691 745 754 in
779 692 976 754 fortunanda
1009 696 1116 755 aetate
1146 699 1281 757 naturae

134 792 299 857 miraculis
323 797 420 878 atque
450 797 628 880 benefieiis,
658 798 852 860 eminentiae
876 798 1043 861 muliebris
1069 797 1282 865 documentis.

136 895 271 973 Qualem
302 905 567 987 argumentorum
595 903 836 967 multitudinem
866 903 893 966 si
918 903 1087 967 exhaurire
1112 927 1183 968 cum
1212 906 1281 989 pul·

139 1005 258 1071 risculo
291 1007 396 1072 Varro
425 1008 583 1072 voluisset
612 1031 670 1073 nee
700 1009 734 1071 in
762 1009 823 1072 bac
853 1010 1058 1092 potissimum
1090 1014 1182 1093 parte
1211 1034 1282 1075 cum

134 1109 259 1177 delectu
284 1136 390 1200 agere,
413 1139 478 1180 non
503 1120 654 1198 septenas
678 1116 742 1198 ille,
768 1117 822 1179 sed
848 1117 942 1179 facile
965 1116 1106 1199 septiens
1132 1120 1282 1199 septenas

132 1215 354 1284 hebdomadas
387 1222 551 1305 replesset.
599 1221 720 1284 Verum
754 1221 838 1285 inter
872 1221 957 1285 banc
990 1226 1098 1285 tamen
1137 1224 1283 1306 quamvis

138 1330 250 1408 suapte
281 1331 400 1391 natura
432 1328 556 1411 largam
590 1327 773 1391 ubertatem
808 1331 840 1390 et
873 1350 928 1390 sex
962 1328 1114 1392 classium
1152 1330 1283 1394 illarum

135 1430 363 1515 principalium
388 1434 595 1498 nobilitatem
623 1434 853 1519 gravissimum
884 1434 1103 1499 intercedebat
1130 1437 1192 1501 hoc
1221 1437 1283 1500 dis-

134 1535 256 1601 crimen
280 1539 378 1623 qu0d‚
403 1541 458 1624 qui
482 1540 590 1623 ipsum
614 1541 725 1604 florem
754 1541 881 1624 generis
905 1540 1037 1603 humani
1063 1546 1095 1605 et
1119 1546 1283 1627 tamquam
1334 1610 1352 1629 ,

132 1642 307 1707 medullam
331 1644 472 1710 delibare
496 1646 593 1710 vellet
616 1650 649 1710 et
670 1647 709 1709 ad
730 1645 909 1710 confessam
937 1646 1131 1712 Graecorum
1156 1648 1283 1712 laudem

123 1742 316 1815 Romanam
340 1752 491 1816 virtutem
516 1753 740 1836 aequiperare,
767 1751 882 1815 harum
908 1751 1037 1834 quidem
1062 1753 1226 1834 classium,
1249 1757 1285 1818 ut

113 1854 249 1930 quibus
273 1857 323 1920 ris
347 1862 380 1920 ct
403 1859 605 1941 praestantia
628 1858 751 1943 ingenii
774 1857 908 1921 hnmani
938 1861 1110 1943 praecipue
1135 1861 1283 1924 aestima·

98 1961 222 2026 retur
236 1964 398 2027 communi
414 1985 569 2028 consensu
591 1964 744 2046 omnium,
763 1964 846 2027 nibil
865 1965 952 2047 quod
972 1966 1107 2030 alicuius
1128 1967 1284 2030 momenti

86 2074 220 2133 esset
253 2071 512 2153 praetermittere
544 2071 670 2153 debuit,
703 2075 816 2134 contra
849 2071 981 2135 minime
1011 2072 1179 2137 excidebat
1209 2095 1281 2137 eon·

73 2163 217 2259 Silio,
241 2176 268 2239 si
292 2176 327 2239 in
350 2197 502 2261 generum
526 2177 790 2241 secundariorum
809 2178 943 2241 summis
968 2182 1096 2243 tantum
1120 2180 1281 2262 capitibus

64 2277 328 2347 quibusdam
352 2281 559 2365 decerpendis
584 2283 813 2366 acquiesceret.

224 2388 329 2465 Quam
358 2391 466 2451 autem
498 2391 575 2470 apto
605 2388 716 2452 ordine
743 2389 775 2450 in
805 2389 973 2470 proposita
1004 2412 1022 2451 a
1050 2390 1144 2453 nobis
1168 2391 1283 2474 Imagi-

56 2487 210 2558 nunr
241 2495 354 2559 tabula
382 2493 529 2579 singulae
558 2517 592 2558 se
617 2494 736 2558 classes
766 2494 942 2576 excipiant,
970 2496 1110 2558 maxime
1139 2498 1282 2560 omnium

55 2568 210 2666 hinc
233 2601 443 2667 manifestum
467 2606 529 2682 est,
562 2602 647 2684 quod
681 2602 739 2664 illa
772 2601 899 2664 ratione
933 2601 1003 2664 sola
1036 2602 1154 2665 similia
1184 2605 1282 2666 conti-

58 2696 278 2773 1111antur
302 2707 474 2772 similibue.
515 2705 600 2771 Nam
625 2730 697 2771 oum
725 2708 760 2770 in
788 2707 979 2770 inlustribus
1005 2707 1166 2789 sapientia
1194 2707 1282 2770 civili

71 2780 327 2879 horninibus
350 2835 415 2876 non
444 2814 539 2897 pauci
567 2813 689 2877 fuerint
718 2813 771 2897 qui
796 2814 893 2877 etiam
919 2813 959 2876 ad
988 2813 1191 2877 scribendum
1216 2814 1283 2876 ani-

73 2909 224 2985 Inum
253 2920 472 3003 implicarent,
500 2919 532 2983 id
561 2921 645 3004 quod
675 2942 746 2983 cum
776 2920 809 2983 in
838 2918 987 2983 Solonem
1016 2924 1084 2982 tum
1114 2919 1145 2982 in
1175 2919 1282 3002 legum

81 2993 258 3092 luiores
279 3049 392 3091 omnes
411 3026 505 3108 cadit,
528 3027 608 3090 bene
632 3028 753 3090 factum
777 3027 862 3110 quod
886 3049 941 3089 eos
964 3026 1054 3109 ipsos
1073 3025 1162 3088 nullo
1186 3026 1282 3088 inter-

86 3122 228 3222 Yallo,
253 3133 309 3217 qui
333 3133 366 3196 in
390 3132 509 3197 litteris
529 3133 681 3197 ornandis
701 3155 831 3215 operam
853 3154 979 3195 omnem
1001 3135 1280 3215 consumpserunt,

89 3227 330 3304 merantur.
366 3239 489 3304 Rursus
510 3240 625 3319 ,altera
658 3262 695 3302 ex
729 3243 822 3321 parte
856 3238 896 3301 ad
930 3238 1102 3320 scriptores
1135 3238 1281 3320 proxime

106 3345 301 3427 Recedunt,
324 3345 379 3430 qui
399 3368 472 3410 cum
491 3347 524 3409 in
544 3346 640 3410 certis
660 3344 843 3428 disciplinis
866 3344 1048 3407 excolendis
1068 3347 1283 3425 versarentur,

113 3430 211 3515 ium
231 3451 353 3516 litteris
368 3452 561 3536 consignata
580 3452 629 3515 sui
649 3455 859 3515 monumenta
878 3450 1084 3533 reliquerunt.
1114 3450 1284 3513 Praeterea

119 3559 303 3641 quoniam,
327 3580 408 3641 quos
433 3559 474 3622 ab
499 3557 603 3622 ‘arte'
626 3558 731 3621 Varro
756 3557 908 3636 seiunxit,
933 3561 965 3618 et
987 3555 1100 3618 musici
1125 3559 1157 3618 et
1181 3556 1282 3618 arohi-

118 3664 212 3729 lecti
241 3663 395 3748 propiore
423 3668 532 3729 tamen
562 3687 633 3728 curn
661 3664 720 3727 illa
749 3685 845 3747 quam
874 3684 945 3725 cum
978 3661 1041 3724 ullo
1072 3662 1136 3724 alio
1166 3682 1282 3745 genere

126 3771 263 3834 ninculo
293 3769 513 3853 continentur,
542 3769 707 3834 commode
736 3769 923 3831 institutum
952 3770 1002 3830 est
1031 3770 1066 3828 ut
1095 3767 1282 3849 disciplinas

127 3876 224 3959 ipsae
257 3879 345 3939 artes
377 3876 549 3958 excipiant.
587 3875 676 3950 Quae
709 3874 879 3938 commoda
912 3874 982 3936 vide
1010 3895 1088 3936 num
1122 3895 1186 3955 qua
1218 3873 1283 3936 alia

132 3980 326 4066 disponendi
345 3981 398 4046 via
416 3982 569 4065 consequi
588 4003 682 4063 posse
702 3980 838 4042 videare.
879 3978 985 4059 Atque
1004 3977 1181 4040 subtilioris
1202 3978 1281 4041 adeo

136 4088 366 4152 concinnitatis
382 4088 554 4152 artificium
574 4088 608 4151 in
628 4109 665 4150 eo
686 4085 779 4149 facile
796 4083 990 4165 conspicias,
1005 4083 1088 4166 quod
1109 4083 1173 4146 tria
1191 4085 1283 4166 paria

145 4198 214 4257 sunt
245 4193 458 4278 probatarum
491 4216 511 4257 a
541 4193 635 4256 nobis
669 4191 831 4254 classium:
865 4189 904 4251 ad
935 4189 1098 4253 civitatem
1132 4195 1282 4272 spectans
