2888 5040
444 370 523 417 siva
548 370 795 417 nunnonnnvn
820 370 923 415 urani.
1190 354 1256 418 545

138 508 224 596 loqui)
235 512 451 596 procamiandi
466 513 670 577 occasionem
684 513 904 577 tractabamus
920 514 1032 595 [snpra
1046 534 1075 594 p.
1087 512 1151 578 508
1163 515 1256 605 sqq.],

142 638 223 700 nuper
244 617 304 701 ipsi
334 619 458 702 experti
489 641 610 711 sumus.
663 618 728 683 Vbi
759 641 831 684 cum
868 618 906 682 de.
936 617 1153 701 Imaginum
1189 619 1257 683 sive

144 722 400 790 Hebdomadum
418 725 534 790 libris
553 724 796 790 M.Varr0nis
817 725 1086 810 quaesivissemns
1106 726 1146 790 ad
1161 749 1256 811 quem

146 831 281 914 qualemve
296 832 441 896 ordinem
452 831 636 896 viderentur
651 831 800 915 dispositi
814 831 923 914 fuisse,
939 855 976 895 ea
991 833 1062 915 ipsa
1077 832 1257 916 disputatio

147 933 320 1002 lvnovlcvn
339 937 595 1020 MERCKLINVM,
618 938 749 1002 doctum
769 938 872 1001 virum
892 942 924 1001 et
942 943 1085 1022 acutum,
1109 939 1259 1003 invitavit

148 1047 174 1106 ut
190 1044 216 1108 in
235 1045 339 1110 eodem
363 1050 555 1129 argumento
580 1045 684 1108 denuo
708 1050 903 1108 versaretur:
933 1045 966 1107 id
995 1045 1079 1128 qnod
1103 1045 1158 1108 ille
1181 1045 1259 1109 fecit

149 1147 532 1216 in‘Animadversionibns
556 1151 594 1214 de
618 1151 831 1215 Varronianis
855 1149 1150 1234 Hebdomadibus’,
1178 1174 1258 1236 quas

150 1251 226 1320 ludici
243 1258 423 1323 scholarum
447 1258 616 1342 praemisit
639 1279 839 1341 perannum
864 1255 1103 1322 MDCCCLVII
1133 1258 1166 1321 in
1189 1258 1259 1321 uni-

151 1362 266 1428 versitate
275 1364 471 1449 Dorpatensi
487 1364 711 1430 habendarum
728 1366 769 1444 [v.
784 1387 815 1447 p.
831 1363 895 1427 530
907 1365 997 1446 sqq.].
1026 1362 1054 1425 E
1086 1364 1259 1428 maximam

151 1467 245 1549 quidem
257 1477 379 1555 partem
396 1495 521 1554 eorum,
545 1493 626 1555 quae
650 1471 875 1534 ratiocinando
895 1470 1038 1533 effecisse
1058 1471 1151 1534 nobis
1173 1470 1259 1536 vide·

151 1571 234 1638 lanur
251 1581 285 1641 nt
306 1577 428 1642 similia
451 1578 528 1661 veri,
550 1599 615 1641 non
640 1577 708 1639 sine
733 1577 900 1659 voluptate
925 1577 1061 1640 vidimus
1082 1577 1123 1640 ab
1147 1577 1203 1642 illo
1228 1580 1261 1639 et

151 1679 246 1758 probari
258 1689 289 1747 et
302 1686 395 1749 novis
414 1683 615 1770 argumentis
634 1684 772 1747 firmari:
793 1683 951 1766 quaedam
969 1704 1029 1746 nec
1048 1705 1086 1746 ea
1105 1683 1189 1746 levia
1208 1683 1259 1746 vel

151 1782 295 1853 addubitari
312 1791 363 1853 vel
382 1790 572 1874 improbari.
608 1788 646 1852 ln
666 1789 717 1853 his
733 1793 851 1871 autem,
867 1812 947 1873 quae
963 1788 1087 1869 reiecit,
1103 1789 1165 1852 dno
1185 1793 1260 1852 sunt

152 1892 234 1971 gravia
260 1899 386 1980 praeter
416 1903 524 1962 cetera
556 1901 588 1961 et
617 1896 657 1960 ad
691 1894 880 1980 disponendi
914 1897 1074 1960 rationem
1103 1893 1259 1958 Varronis

151 2000 367 2080 perspiciendam
396 2003 546 2087 inprimis
575 2003 683 2066 utilia:
723 2025 859 2086 quorum
884 2002 1021 2065 alterum
1051 2001 1091 2065 ad
1115 2000 1260 2085 ipsarum

152 2097 291 2187 imaginum
327 2132 497 2174 numerum
533 2111 719 2174 universnm
757 2113 896 2192 spectat,
933 2108 1074 2173 alterum
1111 2106 1152 2183 ad
1189 2129 1260 2172 eam

153 2205 231 2274 selem
250 2237 341 2298 qnam
364 2217 450 2281 inter
467 2220 576 2281 cetera
599 2216 703 2279 laudis
725 2215 886 2278 humanae
906 2235 1025 2299 genera
1043 2213 1261 2278 architectura

153 2309 301 2384 obtinuerit.
346 2322 394 2386 Ac
426 2323 464 2386 de
497 2323 554 2386 illo
589 2321 672 2405 quod
706 2321 775 2404 ipse
804 2319 1001 2385 Mercklinns
1035 2320 1165 2403 statuit,
1197 2333 1260 2404 qno

152 2411 277 2489 lubentius
299 2427 441 2492 fatemur
463 2450 596 2511 prorsus
620 2428 715 2492 nobis
739 2450 930 2511 persuasum
952 2449 1030 2508 esse,
1054 2450 1091 2490 eo
1115 2427 1259 2490 tenacius

153 2520 272 2593 tuendum
293 2533 432 2598 alterum
456 2537 488 2596 et
512 2534 552 2597 ab
582 2533 670 2596 illins
702 2533 883 2616 suspitione
910 2531 1137 2595 vindicandum
1161 2531 1258 2595 senti-

154 2643 211 2694 nus.
241 2635 393 2712 Quaeres
418 2662 490 2704 curn
520 2640 625 2724 qualis
656 2639 700 2704 sit
723 2639 1002 2722 explicuerimus,
1031 2642 1088 2701 aut
1114 2637 1261 2701 fallimur

155 2735 293 2807 autsimul
320 2768 394 2830 spes
424 2751 475 2809 est
502 2747 571 2810 fore
601 2751 636 2810 nt
665 2747 837 2811 adseram
862 2745 1046 2829 imaginum
1074 2744 1260 2827 imaginem,

155 2847 274 2916 qnantum
298 2852 428 2936 quidem
455 2852 524 2917 fieri
548 2852 758 2917 coniectando
782 2856 905 2936 potest,
933 2851 1099 2934 aliquanto
1126 2849 1260 2932 propius

154 2947 314 3023 accedamus.

218 3054 344 3128 Primum
383 3065 484 3147 igitur
522 3064 560 3129 de
598 3086 732 3128 numero
769 3052 1021 3147 compositarum
1059 3086 1078 3127 a
1114 3060 1260 3126 Varrone

154 3148 294 3263 {magnum
330 3193 402 3234 cum
440 3170 538 3235 Plinii
577 3173 675 3236 verba
712 3172 986 3254 septingentas
1024 3169 1177 3233 testantis
1214 3168 1262 3231 ita

154 3262 320 3349 lfllerpretati
341 3299 495 3360 essemus,
518 3282 555 3340 nt
574 3277 614 3340 ad
633 3278 762 3359 plenam
782 3277 836 3341 ille
857 3298 1016 3340 summam
1036 3275 1262 3358 centenariam,

154 3363 242 3452 quippe
270 3382 299 3446 in
331 3383 435 3447 solam
466 3382 684 3446 multitudinis
712 3384 878 3447 notionem
907 3385 1063 3464 intentus,
1095 3383 1263 3455 liberalius

153 3472 250 3546 ²¹¹¹l⁸se
269 3509 338 3553 enm
362 3511 532 3553 numerum
557 3492 738 3573 putaretur,
761 3490 827 3573 qui,
852 3490 879 3553 si
903 3490 942 3553 ad
967 3491 1122 3552 amussim
1146 3489 1262 3552 calculi

152 3569 380 3678 abducerentur,
419 3596 507 3659 intra
539 3599 761 3660 sexcentarum
796 3597 961 3680 octoginta
995 3617 1050 3658 sex
1083 3595 1262 3678 imaginum

151 3669 209 3788 llll
229 3699 422 3765 subsisteret:
451 3704 503 3766 tot
526 3702 611 3765 enim
636 3702 835 3784 efficiuntur,
862 3702 918 3765 ubi
944 3701 995 3764 bis
1020 3703 1147 3782 septem'
1167 3699 1261 3763 libris

151 3794 256 3871 ⁸¹¹1ng
277 3808 420 3892 septiens
444 3811 596 3890 septenas
626 3808 784 3892 imagines
809 3808 998 3872 distributas
1026 3806 1126 3870 fuisse
1151 3807 1258 3870 nobis·
1273 3826 1306 3865 rv

149 3900 204 4006 llll]
223 3913 399 3978 credideris:
423 3912 457 3977 id
481 3913 611 3996 quidem
636 3914 699 3978 iam
720 3914 794 3977 aliis
818 3919 894 3978 ante
913 3911 1126 3977 Merclrlinum
1151 3910 1262 3995 displi-

147 4003 227 4072 ⁰¹¹¹⁸⁸e
246 4026 409 4084 narratum
433 4023 483 4083 est
501 4019 605 4083 Musei
630 4019 741 4102 philol.
761 4019 824 4084 XII
847 4043 877 4103 p.
901 4020 962 4082 154
988 4021 1100 4101 [snpra
1122 4040 1152 4101 p.
1173 4020 1261 4099 529}

146 4119 213 4205 ,ἕω
238 4123 279 4191 ita
310 4127 395 4211 quod
429 4127 589 4209 reliquum
623 4132 672 4188 est
706 4127 739 4190 in
772 4127 870 4190 Plinii
902 4126 1156 4208 computatione,
1189 4146 1260 4188 cnm

144 4213 464 4316 lauronensium
489 4254 656 4295 numerum
685 4232 736 4295 bis
761 4236 884 4315 septem
913 4233 1092 4314 imaginum
1117 4235 1262 4296 servaret

144 4317 188 4389 qul
209 4354 257 4415 per
282 4344 389 4403 totum
418 4360 499 4420 opus
523 4336 765 4402 Varronianum
792 4345 958 4423 regnaret,
987 4339 1041 4402 vix
1068 4338 1132 4402 hoc
1160 4338 1262 4401 videri

142 4429 212 4501 easui
245 4445 343 4510 tribui
384 4466 480 4528 posse
523 4443 725 4509 Lvuovmvs
764 4445 975 4508 Vnmonsrvs
1014 4444 1262 4527 Mnnmnvsquo

138 4626 141 4631 .
186 4559 522 4602 rnurrscrrsnnorvscvna
539 4568 578 4603 nr.
961 4555 995 4600 35
