<?xml version="1.0" encoding="UTF-8"?>
<!DOCTYPE html PUBLIC "-//W3C//DTD XHTML 1.0 Transitional//EN"
    "http://www.w3.org/TR/xhtml1/DTD/xhtml1-transitional.dtd">
<html xmlns="http://www.w3.org/1999/xhtml" xml:lang="en" lang="en">
 <head>
  <title>
</title>
<meta http-equiv="Content-Type" content="text/html;charset=utf-8" />
  <meta name='ocr-system' content='tesseract 3.04.00' />
  <meta name='ocr-capabilities' content='ocr_page ocr_carea ocr_par ocr_line ocrx_word'/>
</head>
<body>
  <div class='ocr_page' id='page_1' title='image "./fridericiritsch01wachgoog_0443.png"; bbox 0 0 2888 5040; ppageno 0'>
   <div class='ocr_carea' id='block_1_1' title="bbox 578 335 1275 400">
    <p class='ocr_par' dir='ltr' id='par_1_1' title="bbox 578 335 1275 400">
     <span class='ocr_line' id='line_1_1' title="bbox 578 335 1275 400; baseline 0.001 -2"><span class='ocrx_word' id='word_1_1' title='bbox 578 351 831 400; x_wconf 78' lang='lat' dir='ltr'>noorsnomers.</span> <span class='ocrx_word' id='word_1_2' title='bbox 1211 335 1275 399; x_wconf 84' lang='grc'>417</span> 
     </span>
    </p>
   </div>
   <div class='ocr_carea' id='block_1_2' title="bbox 115 485 1343 4515">
    <p class='ocr_par' dir='ltr' id='par_1_2' title="bbox 115 485 1343 4515">
     <span class='ocr_line' id='line_1_2' title="bbox 183 485 1278 578; baseline 0.005 -26"><span class='ocrx_word' id='word_1_3' title='bbox 183 485 348 564; x_wconf 79' lang='lat' dir='ltr'>locdiretur</span> <span class='ocrx_word' id='word_1_4' title='bbox 374 491 441 556; x_wconf 89' lang='lat' dir='ltr'>alio</span> <span class='ocrx_word' id='word_1_5' title='bbox 468 492 555 558; x_wconf 89' lang='lat' dir='ltr'>loco:</span> <span class='ocrx_word' id='word_1_6' title='bbox 588 495 622 557; x_wconf 91' lang='lat' dir='ltr'>in</span> <span class='ocrx_word' id='word_1_7' title='bbox 656 494 835 578; x_wconf 88' lang='lat' dir='ltr'>praemissa</span> <span class='ocrx_word' id='word_1_8' title='bbox 868 499 977 558; x_wconf 87' lang='lat' dir='ltr'>autem</span> <span class='ocrx_word' id='word_1_9' title='bbox 1005 494 1278 558; x_wconf 72' lang='lat' dir='ltr'>commentatione</span> 
     </span>
     <span class='ocr_line' id='line_1_3' title="bbox 182 598 1277 684; baseline 0.005 -25"><span class='ocrx_word' id='word_1_10' title='bbox 182 615 236 677; x_wconf 84' lang='lat' dir='ltr'>quc</span> <span class='ocrx_word' id='word_1_11' title='bbox 256 619 279 680; x_wconf 91' lang='lat' dir='ltr'>p.</span> <span class='ocrx_word' id='word_1_12' title='bbox 298 599 337 663; x_wconf 87' lang='grc'>58</span> <span class='ocrx_word' id='word_1_13' title='bbox 352 619 425 682; x_wconf 89' lang='lat' dir='ltr'>sqq.</span> <span class='ocrx_word' id='word_1_14' title='bbox 452 599 491 664; x_wconf 90' lang='lat' dir='ltr'>de</span> <span class='ocrx_word' id='word_1_15' title='bbox 518 600 716 684; x_wconf 87' lang='lat' dir='ltr'>logistoricis</span> <span class='ocrx_word' id='word_1_16' title='bbox 740 598 897 664; x_wconf 84' lang='lat' dir='ltr'><strong>Varronis</strong></span> <span class='ocrx_word' id='word_1_17' title='bbox 926 600 1119 683; x_wconf 87' lang='lat' dir='ltr'>disputavit,</span> <span class='ocrx_word' id='word_1_18' title='bbox 1152 601 1192 664; x_wconf 90' lang='lat' dir='ltr'>iis</span> <span class='ocrx_word' id='word_1_19' title='bbox 1215 601 1277 664; x_wconf 89' lang='lat' dir='ltr'>etsi</span> 
     </span>
     <span class='ocr_line' id='line_1_4' title="bbox 181 703 1278 792; baseline 0.004 -25"><span class='ocrx_word' id='word_1_20' title='bbox 181 703 233 766; x_wconf 68' lang='lat' dir='ltr'>ntis</span> <span class='ocrx_word' id='word_1_21' title='bbox 254 705 454 788; x_wconf 76' lang='lat' dir='ltr'>probabiliter</span> <span class='ocrx_word' id='word_1_22' title='bbox 484 706 590 789; x_wconf 89' lang='lat' dir='ltr'>ipsam</span> <span class='ocrx_word' id='word_1_23' title='bbox 619 708 666 771; x_wconf 89' lang='lat' dir='ltr'>rei</span> <span class='ocrx_word' id='word_1_24' title='bbox 696 709 867 773; x_wconf 75' lang='lat' dir='ltr'>materiam</span> <span class='ocrx_word' id='word_1_25' title='bbox 898 708 1062 792; x_wconf 81' lang='lat' dir='ltr'>congessit</span> <span class='ocrx_word' id='word_1_26' title='bbox 1092 706 1143 789; x_wconf 90' lang='lat' dir='ltr'>(ut</span> <span class='ocrx_word' id='word_1_27' title='bbox 1175 730 1278 790; x_wconf 87' lang='lat' dir='ltr'>pauca</span> 
     </span>
     <span class='ocr_line' id='line_1_5' title="bbox 181 804 1277 901; baseline 0.005 -29"><span class='ocrx_word' id='word_1_28' title='bbox 181 804 224 871; x_wconf 79' lang='lat' dir='ltr'>nt</span> <span class='ocrx_word' id='word_1_29' title='bbox 243 831 309 893; x_wconf 87' lang='lat' dir='ltr'>quae</span> <span class='ocrx_word' id='word_1_30' title='bbox 336 813 407 878; x_wconf 86' lang='lat' dir='ltr'>eius</span> <span class='ocrx_word' id='word_1_31' title='bbox 435 814 639 899; x_wconf 88' lang='lat' dir='ltr'>diligentiam</span> <span class='ocrx_word' id='word_1_32' title='bbox 667 815 841 901; x_wconf 81' lang='lat' dir='ltr'>fugerint),</span> <span class='ocrx_word' id='word_1_33' title='bbox 873 819 982 878; x_wconf 88' lang='lat' dir='ltr'>tamen</span> <span class='ocrx_word' id='word_1_34' title='bbox 1010 814 1175 898; x_wconf 83' lang='lat' dir='ltr'>digerendi</span> <span class='ocrx_word' id='word_1_35' title='bbox 1203 836 1277 878; x_wconf 88' lang='lat' dir='ltr'>acre</span> 
     </span>
     <span class='ocr_line' id='line_1_6' title="bbox 179 908 1275 1005; baseline 0.006 -29"><span class='ocrx_word' id='word_1_36' title='bbox 179 908 286 980; x_wconf 82' lang='lat' dir='ltr'>iudicium</span> <span class='ocrx_word' id='word_1_37' title='bbox 311 917 365 983; x_wconf 91' lang='lat' dir='ltr'>bic</span> <span class='ocrx_word' id='word_1_38' title='bbox 392 941 520 1005; x_wconf 86' lang='lat' dir='ltr'>quoquc</span> <span class='ocrx_word' id='word_1_39' title='bbox 546 943 612 986; x_wconf 89' lang='lat' dir='ltr'>non</span> <span class='ocrx_word' id='word_1_40' title='bbox 647 944 712 986; x_wconf 92' lang='lat' dir='ltr'>uno</span> <span class='ocrx_word' id='word_1_41' title='bbox 741 922 812 987; x_wconf 93' lang='lat' dir='ltr'>loco</span> <span class='ocrx_word' id='word_1_42' title='bbox 839 920 1068 986; x_wconf 86' lang='lat' dir='ltr'>desideramus.</span> <span class='ocrx_word' id='word_1_43' title='bbox 1119 920 1163 984; x_wconf 88' lang='lat' dir='ltr'>Et</span> <span class='ocrx_word' id='word_1_44' title='bbox 1191 919 1275 1003; x_wconf 90' lang='lat' dir='ltr'>quod</span> 
     </span>
     <span class='ocr_line' id='line_1_7' title="bbox 178 1026 1276 1112; baseline 0.004 -28"><span class='ocrx_word' id='word_1_45' title='bbox 178 1035 293 1087; x_wconf 66' lang='lat' dir='ltr'>smmum</span> <span class='ocrx_word' id='word_1_46' title='bbox 316 1028 395 1107; x_wconf 86' lang='lat' dir='ltr'>erat,</span> <span class='ocrx_word' id='word_1_47' title='bbox 418 1028 456 1090; x_wconf 91' lang='lat' dir='ltr'>ut</span> <span class='ocrx_word' id='word_1_48' title='bbox 478 1028 778 1112; x_wconf 81' lang='lat' dir='ltr'>cognominibus</span> <span class='ocrx_word' id='word_1_49' title='bbox 801 1027 1058 1092; x_wconf 86' lang='lat' dir='ltr'>Romanorum</span> <span class='ocrx_word' id='word_1_50' title='bbox 1081 1026 1276 1089; x_wconf 89' lang='lat' dir='ltr'>bominum</span> 
     </span>
     <span class='ocr_line' id='line_1_8' title="bbox 176 1120 1275 1218; baseline 0.003 -25"><span class='ocrx_word' id='word_1_51' title='bbox 176 1120 279 1209; x_wconf 66' lang='lat' dir='ltr'>llssgdos</span> <span class='ocrx_word' id='word_1_52' title='bbox 300 1130 404 1195; x_wconf 87' lang='lat' dir='ltr'>libros</span> <span class='ocrx_word' id='word_1_53' title='bbox 431 1131 606 1216; x_wconf 87' lang='lat' dir='ltr'>inscriptos</span> <span class='ocrx_word' id='word_1_54' title='bbox 635 1155 706 1196; x_wconf 88' lang='lat' dir='ltr'>esse</span> <span class='ocrx_word' id='word_1_55' title='bbox 733 1133 979 1216; x_wconf 86' lang='lat' dir='ltr'>perspiceretur,</span> <span class='ocrx_word' id='word_1_56' title='bbox 1006 1132 1039 1196; x_wconf 92' lang='lat' dir='ltr'>id</span> <span class='ocrx_word' id='word_1_57' title='bbox 1066 1133 1121 1196; x_wconf 88' lang='lat' dir='ltr'>ille</span> <span class='ocrx_word' id='word_1_58' title='bbox 1149 1154 1275 1218; x_wconf 89' lang='lat' dir='ltr'>quoque</span> 
     </span>
     <span class='ocr_line' id='line_1_9' title="bbox 175 1238 1275 1323; baseline 0.005 -26"><span class='ocrx_word' id='word_1_59' title='bbox 175 1244 219 1295; x_wconf 85' lang='lat' dir='ltr'>mn</span> <span class='ocrx_word' id='word_1_60' title='bbox 233 1238 392 1320; x_wconf 85' lang='lat' dir='ltr'>perspexit,</span> <span class='ocrx_word' id='word_1_61' title='bbox 417 1238 473 1303; x_wconf 84' lang='lat' dir='ltr'>sed</span> <span class='ocrx_word' id='word_1_62' title='bbox 497 1239 538 1303; x_wconf 86' lang='lat' dir='ltr'>ab</span> <span class='ocrx_word' id='word_1_63' title='bbox 553 1239 836 1323; x_wconf 83' lang='lat' dir='ltr'>Agamemnonida</span> <span class='ocrx_word' id='word_1_64' title='bbox 849 1240 963 1305; x_wconf 81' lang='lat' dir='ltr'>Oreste</span> <span class='ocrx_word' id='word_1_65' title='bbox 986 1240 1185 1323; x_wconf 87' lang='lat' dir='ltr'>appellatum</span> <span class='ocrx_word' id='word_1_66' title='bbox 1205 1260 1275 1303; x_wconf 89' lang='lat' dir='ltr'>esse</span> 
     </span>
     <span class='ocr_line' id='line_1_10' title="bbox 171 1331 1277 1432; baseline 0 -24"><span class='ocrx_word' id='word_1_67' title='bbox 171 1331 319 1408; x_wconf 47' lang='lat' dir='ltr'>&amp;dmum</span> <span class='ocrx_word' id='word_1_68' title='bbox 350 1343 575 1428; x_wconf 83' lang='lat' dir='ltr'>logistoricum</span> <span class='ocrx_word' id='word_1_69' title='bbox 608 1347 671 1411; x_wconf 91' lang='lat' dir='ltr'>sibi</span> <span class='ocrx_word' id='word_1_70' title='bbox 703 1348 879 1432; x_wconf 81' lang='lat' dir='ltr'>persuasit,</span> <span class='ocrx_word' id='word_1_71' title='bbox 913 1346 1057 1429; x_wconf 78' lang='lat' dir='ltr'>Pappum</span> <span class='ocrx_word' id='word_1_72' title='bbox 1085 1351 1193 1411; x_wconf 89' lang='lat' dir='ltr'>autem</span> <span class='ocrx_word' id='word_1_73' title='bbox 1220 1351 1277 1408; x_wconf 85' lang='lat' dir='ltr'>aut</span> 
     </span>
     <span class='ocr_line' id='line_1_11' title="bbox 115 1434 1274 1539; baseline 0.001 -26"><span class='ocrx_word' id='word_1_74' title='bbox 115 1524 117 1537; x_wconf 40' lang='grc' dir='ltr'>Ι</span> <span class='ocrx_word' id='word_1_75' title='bbox 170 1434 312 1526; x_wconf 64' lang='lat' dir='ltr'>Moenum</span> <span class='ocrx_word' id='word_1_76' title='bbox 335 1448 398 1534; x_wconf 92' lang='lat' dir='ltr'>(sic</span> <span class='ocrx_word' id='word_1_77' title='bbox 421 1452 509 1516; x_wconf 90' lang='lat' dir='ltr'>enim</span> <span class='ocrx_word' id='word_1_78' title='bbox 532 1452 739 1517; x_wconf 87' lang='lat' dir='ltr'>scribendum</span> <span class='ocrx_word' id='word_1_79' title='bbox 762 1451 872 1539; x_wconf 88' lang='lat' dir='ltr'>putat)</span> <span class='ocrx_word' id='word_1_80' title='bbox 896 1454 935 1518; x_wconf 89' lang='lat' dir='ltr'>de</span> <span class='ocrx_word' id='word_1_81' title='bbox 953 1452 1181 1517; x_wconf 85' lang='lat' dir='ltr'>Atellanunrm</span> <span class='ocrx_word' id='word_1_82' title='bbox 1205 1473 1274 1534; x_wconf 89' lang='lat' dir='ltr'>per-</span> 
     </span>
     <span class='ocr_line' id='line_1_12' title="bbox 115 1546 1275 1643; baseline 0.011 -36"><span class='ocrx_word' id='word_1_83' title='bbox 115 1546 118 1607; x_wconf 64' lang='lat' dir='ltr'><strong>ff</strong></span> <span class='ocrx_word' id='word_1_84' title='bbox 169 1563 225 1613; x_wconf 75' lang='lat' dir='ltr'>wne</span> <span class='ocrx_word' id='word_1_85' title='bbox 241 1552 343 1640; x_wconf 85' lang='lat' dir='ltr'>Pappo</span> <span class='ocrx_word' id='word_1_86' title='bbox 371 1558 604 1643; x_wconf 86' lang='lat' dir='ltr'>interpretatus</span> <span class='ocrx_word' id='word_1_87' title='bbox 633 1561 768 1624; x_wconf 89' lang='lat' dir='ltr'>satiram</span> <span class='ocrx_word' id='word_1_88' title='bbox 792 1581 863 1624; x_wconf 87' lang='lat' dir='ltr'>esse</span> <span class='ocrx_word' id='word_1_89' title='bbox 886 1559 1002 1623; x_wconf 88' lang='lat' dir='ltr'>statuit</span> <span class='ocrx_word' id='word_1_90' title='bbox 1024 1582 1055 1642; x_wconf 90' lang='lat' dir='ltr'>p.</span> <span class='ocrx_word' id='word_1_91' title='bbox 1077 1559 1116 1622; x_wconf 87' lang='grc'>61</span> <span class='ocrx_word' id='word_1_92' title='bbox 1145 1562 1178 1620; x_wconf 91' lang='lat' dir='ltr'>et</span> <span class='ocrx_word' id='word_1_93' title='bbox 1206 1557 1275 1621; x_wconf 84' lang='lat'>184.</span> 
     </span>
     <span class='ocr_line' id='line_1_13' title="bbox 167 1657 1275 1753; baseline 0.002 -29"><span class='ocrx_word' id='word_1_94' title='bbox 167 1681 198 1696; x_wconf 56' lang='lat'>⁸</span> <span class='ocrx_word' id='word_1_95' title='bbox 213 1657 253 1724; x_wconf 79' lang='lat' dir='ltr'>ld</span> <span class='ocrx_word' id='word_1_96' title='bbox 270 1664 409 1730; x_wconf 65' lang='lat' dir='ltr'>Auitum</span> <span class='ocrx_word' id='word_1_97' title='bbox 435 1667 472 1730; x_wconf 84' lang='lat' dir='ltr'>de</span> <span class='ocrx_word' id='word_1_98' title='bbox 497 1667 636 1732; x_wconf 75' lang='lat' dir='ltr'>uumem&#39;e</span> <span class='ocrx_word' id='word_1_99' title='bbox 664 1664 762 1753; x_wconf 91' lang='lat' dir='ltr'>(nihil</span> <span class='ocrx_word' id='word_1_100' title='bbox 791 1666 877 1730; x_wconf 92' lang='lat' dir='ltr'>enim</span> <span class='ocrx_word' id='word_1_101' title='bbox 906 1666 936 1729; x_wconf 90' lang='lat' dir='ltr'>ei</span> <span class='ocrx_word' id='word_1_102' title='bbox 960 1665 1101 1749; x_wconf 90' lang='lat' dir='ltr'>scrupuli</span> <span class='ocrx_word' id='word_1_103' title='bbox 1124 1665 1204 1728; x_wconf 85' lang='lat' dir='ltr'>haec</span> <span class='ocrx_word' id='word_1_104' title='bbox 1228 1664 1275 1727; x_wconf 90' lang='lat' dir='ltr'>iu-</span> 
     </span>
     <span class='ocr_line' id='line_1_14' title="bbox 164 1762 1273 1858; baseline 0.001 -26"><span class='ocrx_word' id='word_1_105' title='bbox 164 1762 268 1849; x_wconf 66' lang='lat' dir='ltr'>nuptio</span> <span class='ocrx_word' id='word_1_106' title='bbox 294 1768 421 1858; x_wconf 88' lang='lat' dir='ltr'>iniecit)</span> <span class='ocrx_word' id='word_1_107' title='bbox 448 1794 514 1837; x_wconf 91' lang='lat' dir='ltr'>non</span> <span class='ocrx_word' id='word_1_108' title='bbox 536 1772 711 1858; x_wconf 83' lang='lat' dir='ltr'>Augustini</span> <span class='ocrx_word' id='word_1_109' title='bbox 734 1776 862 1838; x_wconf 84' lang='lat' dir='ltr'>tautum</span> <span class='ocrx_word' id='word_1_110' title='bbox 884 1772 991 1837; x_wconf 87' lang='lat' dir='ltr'>locum</span> <span class='ocrx_word' id='word_1_111' title='bbox 1015 1794 1113 1856; x_wconf 84' lang='lat' dir='ltr'>supra</span> <span class='ocrx_word' id='word_1_112' title='bbox 1137 1792 1273 1835; x_wconf 89' lang='lat' dir='ltr'>comme·</span> 
     </span>
     <span class='ocr_line' id='line_1_15' title="bbox 161 1876 1275 1965; baseline 0.003 -28"><span class='ocrx_word' id='word_1_113' title='bbox 161 1876 290 1940; x_wconf 70' lang='lat' dir='ltr'>mmmm</span> <span class='ocrx_word' id='word_1_114' title='bbox 322 1879 465 1964; x_wconf 87' lang='lat' dir='ltr'>rettulit,</span> <span class='ocrx_word' id='word_1_115' title='bbox 504 1879 560 1944; x_wconf 90' lang='lat' dir='ltr'>sed</span> <span class='ocrx_word' id='word_1_116' title='bbox 593 1879 731 1944; x_wconf 89' lang='lat' dir='ltr'>alterum</span> <span class='ocrx_word' id='word_1_117' title='bbox 765 1885 934 1965; x_wconf 87' lang='lat' dir='ltr'>praeterea</span> <span class='ocrx_word' id='word_1_118' title='bbox 965 1877 1124 1962; x_wconf 83' lang='lat' dir='ltr'>quendam</span> <span class='ocrx_word' id='word_1_119' title='bbox 1157 1877 1275 1961; x_wconf 82' lang='lat' dir='ltr'>Rufini,</span> 
     </span>
     <span class='ocr_line' id='line_1_16' title="bbox 157 1981 1273 2070; baseline 0 -22"><span class='ocrx_word' id='word_1_120' title='bbox 157 1981 314 2048; x_wconf 66' lang='lat' dir='ltr'>leonillae</span> <span class='ocrx_word' id='word_1_121' title='bbox 332 2006 398 2048; x_wconf 91' lang='lat' dir='ltr'>non</span> <span class='ocrx_word' id='word_1_122' title='bbox 418 1986 524 2070; x_wconf 76' lang='lat' dir='ltr'>magis</span> <span class='ocrx_word' id='word_1_123' title='bbox 542 1985 704 2070; x_wconf 87' lang='lat' dir='ltr'>pertinere</span> <span class='ocrx_word' id='word_1_124' title='bbox 722 2007 808 2050; x_wconf 88' lang='lat' dir='ltr'>nunc</span> <span class='ocrx_word' id='word_1_125' title='bbox 825 1986 1081 2050; x_wconf 86' lang='lat' dir='ltr'>demonstratum</span> <span class='ocrx_word' id='word_1_126' title='bbox 1096 1988 1146 2048; x_wconf 91' lang='lat' dir='ltr'>est</span> <span class='ocrx_word' id='word_1_127' title='bbox 1160 2005 1273 2048; x_wconf 89' lang='lat' dir='ltr'>comm.</span> 
     </span>
     <span class='ocr_line' id='line_1_17' title="bbox 155 2068 1275 2175; baseline 0.002 -23"><span class='ocrx_word' id='word_1_128' title='bbox 155 2068 364 2155; x_wconf 54' lang='lat' dir='ltr'>levansa.</span> <span class='ocrx_word' id='word_1_129' title='bbox 378 2090 471 2155; x_wconf 72' lang='lat' dir='ltr'>nass</span> <span class='ocrx_word' id='word_1_130' title='bbox 483 2091 563 2175; x_wconf 76' lang='lat' dir='ltr'>pau</span> <span class='ocrx_word' id='word_1_131' title='bbox 577 2092 738 2175; x_wconf 65' lang='lat' dir='ltr'>conpos</span> <span class='ocrx_word' id='word_1_132' title='bbox 751 2092 835 2156; x_wconf 74' lang='lat' dir='ltr'>esso</span> <span class='ocrx_word' id='word_1_133' title='bbox 850 2094 963 2174; x_wconf 75' lang='lat' dir='ltr'>[supra</span> <span class='ocrx_word' id='word_1_134' title='bbox 977 2091 1275 2174; x_wconf 68' lang='lat' dir='ltr'>pascuosam.</span> 
     </span>
     <span class='ocr_line' id='line_1_18' title="bbox 151 2171 1274 2281; baseline 0.006 -29"><span class='ocrx_word' id='word_1_135' title='bbox 151 2171 254 2258; x_wconf 68' lang='lat' dir='ltr'>Eadem</span> <span class='ocrx_word' id='word_1_136' title='bbox 275 2197 358 2260; x_wconf 86' lang='lat' dir='ltr'>ratio</span> <span class='ocrx_word' id='word_1_137' title='bbox 373 2195 570 2263; x_wconf 85' lang='lat' dir='ltr'>Varroniani</span> <span class='ocrx_word' id='word_1_138' title='bbox 594 2197 709 2262; x_wconf 88' lang='lat' dir='ltr'>indicis</span> <span class='ocrx_word' id='word_1_139' title='bbox 727 2199 764 2264; x_wconf 84' lang='lat' dir='ltr'>de</span> <span class='ocrx_word' id='word_1_140' title='bbox 781 2199 934 2262; x_wconf 77' lang='lat' dir='ltr'>mersauris</span> <span class='ocrx_word' id='word_1_141' title='bbox 957 2197 1041 2281; x_wconf 86' lang='lat' dir='ltr'>apud</span> <span class='ocrx_word' id='word_1_142' title='bbox 1064 2200 1274 2280; x_wconf 85' lang='lat' dir='ltr'>personatum</span> 
     </span>
     <span class='ocr_line' id='line_1_19' title="bbox 148 2275 1273 2388; baseline 0.004 -25"><span class='ocrx_word' id='word_1_143' title='bbox 148 2275 290 2365; x_wconf 50' lang='lat' dir='ltr'>Brittium</span> <span class='ocrx_word' id='word_1_144' title='bbox 318 2324 383 2386; x_wconf 92' lang='lat' dir='ltr'>quo</span> <span class='ocrx_word' id='word_1_145' title='bbox 407 2325 610 2388; x_wconf 83' lang='lat' dir='ltr'>nequaquam</span> <span class='ocrx_word' id='word_1_146' title='bbox 633 2304 859 2388; x_wconf 87' lang='lat' dir='ltr'>logistoricum</span> <span class='ocrx_word' id='word_1_147' title='bbox 883 2304 1004 2387; x_wconf 85' lang='lat' dir='ltr'>notari,</span> <span class='ocrx_word' id='word_1_148' title='bbox 1032 2309 1069 2367; x_wconf 91' lang='lat' dir='ltr'>ut</span> <span class='ocrx_word' id='word_1_149' title='bbox 1091 2304 1141 2368; x_wconf 93' lang='lat' dir='ltr'>illi</span> <span class='ocrx_word' id='word_1_150' title='bbox 1169 2304 1273 2376; x_wconf 87' lang='lat' dir='ltr'>visum</span> 
     </span>
     <span class='ocr_line' id='line_1_20' title="bbox 144 2396 1273 2494; baseline 0.007 -27"><span class='ocrx_word' id='word_1_151' title='bbox 144 2404 173 2467; x_wconf 82' lang='lat' dir='ltr'>P·</span> <span class='ocrx_word' id='word_1_152' title='bbox 181 2396 227 2488; x_wconf 82' lang='lat'>66,</span> <span class='ocrx_word' id='word_1_153' title='bbox 237 2406 355 2473; x_wconf 88' lang='lat' dir='ltr'>ibidem</span> <span class='ocrx_word' id='word_1_154' title='bbox 370 2409 538 2474; x_wconf 90' lang='lat' dir='ltr'>docuimus</span> <span class='ocrx_word' id='word_1_155' title='bbox 553 2434 583 2494; x_wconf 94' lang='lat' dir='ltr'>p.</span> <span class='ocrx_word' id='word_1_156' title='bbox 592 2411 632 2475; x_wconf 94' lang='lat'>10</span> <span class='ocrx_word' id='word_1_157' title='bbox 640 2411 742 2491; x_wconf 71' lang='lat' dir='ltr'>[361p</span> <span class='ocrx_word' id='word_1_158' title='bbox 756 2447 792 2457; x_wconf 92' lang='lat'>-</span> <span class='ocrx_word' id='word_1_159' title='bbox 803 2408 961 2476; x_wconf 81' lang='lat' dir='ltr'>AScaum</span> <span class='ocrx_word' id='word_1_160' title='bbox 974 2412 1011 2475; x_wconf 84' lang='lat' dir='ltr'>de</span> <span class='ocrx_word' id='word_1_161' title='bbox 1023 2412 1169 2475; x_wconf 77' lang='lat' dir='ltr'>scaenicis</span> <span class='ocrx_word' id='word_1_162' title='bbox 1182 2413 1273 2493; x_wconf 77' lang='lat' dir='ltr'>oripi·</span> 
     </span>
     <span class='ocr_line' id='line_1_21' title="bbox 144 2500 1274 2599; baseline 0.003 -22"><span class='ocrx_word' id='word_1_163' title='bbox 144 2500 225 2576; x_wconf 65' lang='lat' dir='ltr'>”llus</span> <span class='ocrx_word' id='word_1_164' title='bbox 243 2514 395 2579; x_wconf 84' lang='lat' dir='ltr'>discrevit</span> <span class='ocrx_word' id='word_1_165' title='bbox 419 2519 456 2579; x_wconf 84' lang='lat' dir='ltr'>ut</span> <span class='ocrx_word' id='word_1_166' title='bbox 478 2516 574 2598; x_wconf 87' lang='lat' dir='ltr'>plane</span> <span class='ocrx_word' id='word_1_167' title='bbox 593 2516 738 2581; x_wconf 88' lang='lat' dir='ltr'>diversos</span> <span class='ocrx_word' id='word_1_168' title='bbox 757 2516 858 2581; x_wconf 89' lang='lat' dir='ltr'>libros</span> <span class='ocrx_word' id='word_1_169' title='bbox 877 2518 913 2580; x_wconf 84' lang='lat' dir='ltr'>de</span> <span class='ocrx_word' id='word_1_170' title='bbox 930 2517 1077 2581; x_wconf 77' lang='lat' dir='ltr'>scoenicis</span> <span class='ocrx_word' id='word_1_171' title='bbox 1095 2518 1274 2599; x_wconf 74' lang='lat' dir='ltr'>oripimbus,</span> 
     </span>
     <span class='ocr_line' id='line_1_22' title="bbox 144 2606 1273 2704; baseline 0.004 -23"><span class='ocrx_word' id='word_1_172' title='bbox 144 2606 217 2680; x_wconf 56' lang='lat' dir='ltr'>m&#39;hil</span> <span class='ocrx_word' id='word_1_173' title='bbox 243 2624 396 2704; x_wconf 88' lang='lat' dir='ltr'>reputans</span> <span class='ocrx_word' id='word_1_174' title='bbox 427 2643 537 2685; x_wconf 90' lang='lat' dir='ltr'>eorum</span> <span class='ocrx_word' id='word_1_175' title='bbox 569 2643 651 2703; x_wconf 88' lang='lat' dir='ltr'>quae</span> <span class='ocrx_word' id='word_1_176' title='bbox 679 2622 712 2684; x_wconf 91' lang='lat' dir='ltr'>in</span> <span class='ocrx_word' id='word_1_177' title='bbox 740 2622 801 2684; x_wconf 90' lang='lat' dir='ltr'>hac</span> <span class='ocrx_word' id='word_1_178' title='bbox 830 2644 943 2685; x_wconf 87' lang='lat' dir='ltr'>caussa</span> <span class='ocrx_word' id='word_1_179' title='bbox 972 2622 1174 2704; x_wconf 88' lang='lat' dir='ltr'>respicienda</span> <span class='ocrx_word' id='word_1_180' title='bbox 1204 2646 1273 2686; x_wconf 83' lang='lat' dir='ltr'>esse</span> 
     </span>
     <span class='ocr_line' id='line_1_23' title="bbox 141 2726 1277 2812; baseline 0.003 -24"><span class='ocrx_word' id='word_1_181' title='bbox 141 2728 230 2801; x_wconf 67' lang='lat' dir='ltr'>Supra</span> <span class='ocrx_word' id='word_1_182' title='bbox 247 2726 509 2812; x_wconf 85' lang='lat' dir='ltr'>significavimus.</span> <span class='ocrx_word' id='word_1_183' title='bbox 539 2726 734 2811; x_wconf 81' lang='lat' dir='ltr'>Corruptam</span> <span class='ocrx_word' id='word_1_184' title='bbox 755 2727 852 2793; x_wconf 91' lang='lat' dir='ltr'>Nonii</span> <span class='ocrx_word' id='word_1_185' title='bbox 877 2729 1066 2793; x_wconf 87' lang='lat' dir='ltr'>memoriam</span> <span class='ocrx_word' id='word_1_186' title='bbox 1081 2727 1154 2792; x_wconf 73' lang='lat' dir='ltr'>Cael</span> <span class='ocrx_word' id='word_1_187' title='bbox 1168 2729 1218 2792; x_wconf 82' lang='lat' dir='ltr'>lib.</span> <span class='ocrx_word' id='word_1_188' title='bbox 1233 2729 1277 2791; x_wconf 89' lang='grc' dir='ltr'>ΙΙ</span> 
     </span>
     <span class='ocr_line' id='line_1_24' title="bbox 142 2834 1343 2919; baseline 0.002 -23"><span class='ocrx_word' id='word_1_189' title='bbox 142 2834 270 2912; x_wconf 66' lang='lat' dir='ltr'>respexit</span> <span class='ocrx_word' id='word_1_190' title='bbox 288 2858 317 2918; x_wconf 93' lang='lat' dir='ltr'>p.</span> <span class='ocrx_word' id='word_1_191' title='bbox 329 2836 383 2919; x_wconf 84' lang='lat'>65,</span> <span class='ocrx_word' id='word_1_192' title='bbox 406 2835 598 2899; x_wconf 87' lang='lat' dir='ltr'>temerariae</span> <span class='ocrx_word' id='word_1_193' title='bbox 618 2835 830 2900; x_wconf 89' lang='lat' dir='ltr'>confidentiae</span> <span class='ocrx_word' id='word_1_194' title='bbox 849 2836 941 2899; x_wconf 87' lang='lat' dir='ltr'>laude</span> <span class='ocrx_word' id='word_1_195' title='bbox 965 2839 1109 2898; x_wconf 87' lang='lat' dir='ltr'>mactans</span> <span class='ocrx_word' id='word_1_196' title='bbox 1130 2835 1272 2899; x_wconf 89' lang='lat' dir='ltr'>divinum</span> <span class='ocrx_word' id='word_1_197' title='bbox 1287 2853 1343 2895; x_wconf 69' lang='lat' dir='ltr'>mv</span> 
     </span>
     <span class='ocr_line' id='line_1_25' title="bbox 141 2917 1271 3026; baseline 0.004 -24"><span class='ocrx_word' id='word_1_198' title='bbox 141 2917 282 3024; x_wconf 58' lang='lat' dir='ltr'>scaligeri</span> <span class='ocrx_word' id='word_1_199' title='bbox 305 2942 489 3026; x_wconf 87' lang='lat' dir='ltr'>ingenium,</span> <span class='ocrx_word' id='word_1_200' title='bbox 512 2942 547 3005; x_wconf 90' lang='lat' dir='ltr'>in</span> <span class='ocrx_word' id='word_1_201' title='bbox 570 2943 772 3026; x_wconf 87' lang='lat' dir='ltr'>similemque</span> <span class='ocrx_word' id='word_1_202' title='bbox 797 2943 876 3007; x_wconf 87' lang='lat' dir='ltr'>adeo</span> <span class='ocrx_word' id='word_1_203' title='bbox 899 2945 1031 3006; x_wconf 88' lang='lat' dir='ltr'>nostrae</span> <span class='ocrx_word' id='word_1_204' title='bbox 1054 2943 1271 3006; x_wconf 85' lang='lat' dir='ltr'>coniecturam</span> 
     </span>
     <span class='ocr_line' id='line_1_26' title="bbox 141 3026 1272 3135; baseline 0.008 -32"><span class='ocrx_word' id='word_1_205' title='bbox 141 3026 257 3128; x_wconf 77' lang='lat' dir='ltr'>incidit,</span> <span class='ocrx_word' id='word_1_206' title='bbox 286 3046 374 3111; x_wconf 86' lang='lat' dir='ltr'>haud</span> <span class='ocrx_word' id='word_1_207' title='bbox 404 3049 515 3131; x_wconf 89' lang='lat' dir='ltr'>paullo</span> <span class='ocrx_word' id='word_1_208' title='bbox 543 3051 651 3112; x_wconf 90' lang='lat' dir='ltr'>tamen</span> <span class='ocrx_word' id='word_1_209' title='bbox 683 3049 849 3132; x_wconf 89' lang='lat' dir='ltr'>operosius</span> <span class='ocrx_word' id='word_1_210' title='bbox 878 3051 950 3114; x_wconf 74' lang='lat' dir='ltr'>cm</span> <span class='ocrx_word' id='word_1_211' title='bbox 978 3051 1091 3135; x_wconf 84' lang='lat' dir='ltr'>(immo</span> <span class='ocrx_word' id='word_1_212' title='bbox 1119 3048 1209 3134; x_wconf 76' lang='lat' dir='ltr'>Cato)</span> <span class='ocrx_word' id='word_1_213' title='bbox 1236 3051 1272 3113; x_wconf 78' lang='lat' dir='ltr'>cle</span> 
     </span>
     <span class='ocr_line' id='line_1_27' title="bbox 144 3135 1270 3238; baseline 0.004 -23"><span class='ocrx_word' id='word_1_214' title='bbox 144 3135 234 3215; x_wconf 60' lang='lat' dir='ltr'>libens</span> <span class='ocrx_word' id='word_1_215' title='bbox 252 3155 416 3218; x_wconf 77' lang='lat' dir='ltr'>educandis</span> <span class='ocrx_word' id='word_1_216' title='bbox 440 3175 456 3216; x_wconf 92' lang='lat' dir='ltr'>e</span> <span class='ocrx_word' id='word_1_217' title='bbox 480 3154 619 3238; x_wconf 88' lang='lat' dir='ltr'>proditis</span> <span class='ocrx_word' id='word_1_218' title='bbox 643 3156 762 3218; x_wconf 90' lang='lat' dir='ltr'>litteris</span> <span class='ocrx_word' id='word_1_219' title='bbox 787 3155 942 3237; x_wconf 83' lang='lat' dir='ltr'>efficiens,</span> <span class='ocrx_word' id='word_1_220' title='bbox 973 3157 1069 3220; x_wconf 89' lang='lat' dir='ltr'>simul</span> <span class='ocrx_word' id='word_1_221' title='bbox 1093 3160 1202 3220; x_wconf 89' lang='lat' dir='ltr'>autem</span> <span class='ocrx_word' id='word_1_222' title='bbox 1226 3157 1270 3219; x_wconf 89' lang='lat' dir='ltr'>al-</span> 
     </span>
     <span class='ocr_line' id='line_1_28' title="bbox 146 3246 1271 3346; baseline 0.004 -27"><span class='ocrx_word' id='word_1_223' title='bbox 146 3246 236 3320; x_wconf 69' lang='lat' dir='ltr'>ttram</span> <span class='ocrx_word' id='word_1_224' title='bbox 255 3260 442 3325; x_wconf 88' lang='lat' dir='ltr'>emendandi</span> <span class='ocrx_word' id='word_1_225' title='bbox 466 3262 553 3325; x_wconf 84' lang='lat' dir='ltr'>viam</span> <span class='ocrx_word' id='word_1_226' title='bbox 577 3262 736 3345; x_wconf 85' lang='lat' dir='ltr'>quandam</span> <span class='ocrx_word' id='word_1_227' title='bbox 761 3263 1000 3345; x_wconf 86' lang='lat' dir='ltr'>commendans,</span> <span class='ocrx_word' id='word_1_228' title='bbox 1023 3286 1086 3346; x_wconf 86' lang='lat' dir='ltr'>qua</span> <span class='ocrx_word' id='word_1_229' title='bbox 1109 3285 1146 3326; x_wconf 87' lang='lat' dir='ltr'>ex</span> <span class='ocrx_word' id='word_1_230' title='bbox 1173 3263 1271 3327; x_wconf 76' lang='lat' dir='ltr'>Varro</span> 
     </span>
     <span class='ocr_line' id='line_1_29' title="bbox 150 3361 1270 3453; baseline 0.004 -27"><span class='ocrx_word' id='word_1_231' title='bbox 150 3361 205 3422; x_wconf 68' lang='lat' dir='ltr'>wel</span> <span class='ocrx_word' id='word_1_232' title='bbox 227 3364 269 3429; x_wconf 83' lang='lat' dir='ltr'>bb.</span> <span class='ocrx_word' id='word_1_233' title='bbox 290 3367 334 3431; x_wconf 90' lang='grc' dir='ltr'>ΙΙ</span> <span class='ocrx_word' id='word_1_234' title='bbox 360 3368 430 3432; x_wconf 88' lang='lat' dir='ltr'>erui</span> <span class='ocrx_word' id='word_1_235' title='bbox 458 3369 558 3433; x_wconf 82' lang='lat' dir='ltr'>Varro</span> <span class='ocrx_word' id='word_1_236' title='bbox 581 3368 759 3432; x_wconf 79' lang='lat' dir='ltr'>Prometlaeo</span> <span class='ocrx_word' id='word_1_237' title='bbox 789 3369 881 3432; x_wconf 80' lang='lat' dir='ltr'>libem</span> <span class='ocrx_word' id='word_1_238' title='bbox 909 3370 1016 3432; x_wconf 88' lang='lat' dir='ltr'>iussit:</span> <span class='ocrx_word' id='word_1_239' title='bbox 1050 3369 1207 3453; x_wconf 90' lang='lat' dir='ltr'>equibus</span> <span class='ocrx_word' id='word_1_240' title='bbox 1231 3390 1270 3432; x_wconf 90' lang='lat' dir='ltr'>ne</span> 
     </span>
     <span class='ocr_line' id='line_1_30' title="bbox 152 3454 1269 3558; baseline 0.003 -23"><span class='ocrx_word' id='word_1_241' title='bbox 152 3454 205 3528; x_wconf 68' lang='lat' dir='ltr'>l00</span> <span class='ocrx_word' id='word_1_242' title='bbox 223 3472 338 3553; x_wconf 88' lang='lat' dir='ltr'>quidem</span> <span class='ocrx_word' id='word_1_243' title='bbox 361 3475 390 3538; x_wconf 92' lang='lat' dir='ltr'>ei</span> <span class='ocrx_word' id='word_1_244' title='bbox 414 3475 583 3558; x_wconf 89' lang='lat' dir='ltr'>credimus,</span> <span class='ocrx_word' id='word_1_245' title='bbox 606 3496 670 3538; x_wconf 91' lang='lat' dir='ltr'>uon</span> <span class='ocrx_word' id='word_1_246' title='bbox 690 3474 903 3538; x_wconf 76' lang='lat' dir='ltr'>Prometheum</span> <span class='ocrx_word' id='word_1_247' title='bbox 927 3475 1097 3552; x_wconf 68' lang='lat' dir='ltr'>laterclum,</span> <span class='ocrx_word' id='word_1_248' title='bbox 1122 3475 1176 3538; x_wconf 89' lang='lat' dir='ltr'>sed</span> <span class='ocrx_word' id='word_1_249' title='bbox 1201 3475 1269 3538; x_wconf 73' lang='lat' dir='ltr'>lme-</span> 
     </span>
     <span class='ocr_line' id='line_1_31' title="bbox 159 3576 1268 3666; baseline 0.002 -25"><span class='ocrx_word' id='word_1_250' title='bbox 159 3583 215 3634; x_wconf 63' lang='lat' dir='ltr'>Wm</span> <span class='ocrx_word' id='word_1_251' title='bbox 231 3576 309 3644; x_wconf 90' lang='lat' dir='ltr'>illam</span> <span class='ocrx_word' id='word_1_252' title='bbox 332 3581 432 3644; x_wconf 87' lang='lat' dir='ltr'>fuisse</span> <span class='ocrx_word' id='word_1_253' title='bbox 456 3582 592 3645; x_wconf 87' lang='lat' dir='ltr'>satiram</span> <span class='ocrx_word' id='word_1_254' title='bbox 615 3582 807 3665; x_wconf 87' lang='lat' dir='ltr'>inscriptam</span> <span class='ocrx_word' id='word_1_255' title='bbox 832 3580 877 3665; x_wconf 85' lang='lat' dir='ltr'>(p.</span> <span class='ocrx_word' id='word_1_256' title='bbox 903 3583 967 3645; x_wconf 82' lang='grc'>195</span> <span class='ocrx_word' id='word_1_257' title='bbox 982 3580 1051 3666; x_wconf 79' lang='lat' dir='ltr'>sq).</span> <span class='ocrx_word' id='word_1_258' title='bbox 1090 3582 1127 3645; x_wconf 92' lang='lat' dir='ltr'>ln</span> <span class='ocrx_word' id='word_1_259' title='bbox 1151 3582 1268 3644; x_wconf 83' lang='lat' dir='ltr'>satiras</span> 
     </span>
     <span class='ocr_line' id='line_1_32' title="bbox 115 3681 1269 3771; baseline 0.004 -27"><span class='ocrx_word' id='word_1_260' title='bbox 115 3710 118 3741; x_wconf 73' lang='grc' dir='ltr'><strong>ι</strong></span> <span class='ocrx_word' id='word_1_261' title='bbox 164 3681 282 3752; x_wconf 71' lang='lat' dir='ltr'>quonam</span> <span class='ocrx_word' id='word_1_262' title='bbox 302 3687 387 3751; x_wconf 89' lang='lat' dir='ltr'>forte</span> <span class='ocrx_word' id='word_1_263' title='bbox 411 3710 522 3751; x_wconf 89' lang='lat' dir='ltr'>sumus</span> <span class='ocrx_word' id='word_1_264' title='bbox 547 3687 659 3770; x_wconf 87' lang='lat' dir='ltr'>delati,</span> <span class='ocrx_word' id='word_1_265' title='bbox 686 3687 764 3750; x_wconf 89' lang='lat' dir='ltr'>illud</span> <span class='ocrx_word' id='word_1_266' title='bbox 790 3710 916 3771; x_wconf 90' lang='lat' dir='ltr'>quoque</span> <span class='ocrx_word' id='word_1_267' title='bbox 940 3687 1050 3751; x_wconf 85' lang='lat' dir='ltr'>mirari</span> <span class='ocrx_word' id='word_1_268' title='bbox 1074 3688 1183 3766; x_wconf 89' lang='lat' dir='ltr'>liceat,</span> <span class='ocrx_word' id='word_1_269' title='bbox 1210 3709 1269 3750; x_wconf 89' lang='lat' dir='ltr'>nec</span> 
     </span>
     <span class='ocr_line' id='line_1_33' title="bbox 168 3776 1269 3869; baseline 0.013 -27"><span class='ocrx_word' id='word_1_270' title='bbox 168 3776 287 3869; x_wconf 77' lang='lat' dir='ltr'>tutum</span> <span class='ocrx_word' id='word_1_271' title='bbox 321 3816 378 3858; x_wconf 91' lang='lat' dir='ltr'>nec</span> <span class='ocrx_word' id='word_1_272' title='bbox 418 3793 723 3858; x_wconf 80' lang='lat' dir='ltr'>Kuuobrbucuulmdu</span> <span class='ocrx_word' id='word_1_273' title='bbox 760 3794 936 3856; x_wconf 87' lang='lat' dir='ltr'>satirarum</span> <span class='ocrx_word' id='word_1_274' title='bbox 972 3793 1120 3856; x_wconf 87' lang='lat' dir='ltr'>videlicet</span> <span class='ocrx_word' id='word_1_275' title='bbox 1155 3793 1269 3856; x_wconf 92' lang='lat' dir='ltr'>titulos</span> 
     </span>
     <span class='ocr_line' id='line_1_34' title="bbox 172 3885 1268 3982; baseline -0.001 -20"><span class='ocrx_word' id='word_1_276' title='bbox 172 3885 298 3972; x_wconf 71' lang='lat' dir='ltr'>quicquam</span> <span class='ocrx_word' id='word_1_277' title='bbox 325 3898 539 3964; x_wconf 85' lang='lat' dir='ltr'>dubitationis</span> <span class='ocrx_word' id='word_1_278' title='bbox 567 3898 705 3963; x_wconf 89' lang='lat' dir='ltr'>Oehlero</span> <span class='ocrx_word' id='word_1_279' title='bbox 734 3899 873 3962; x_wconf 86' lang='lat' dir='ltr'>movisse</span> <span class='ocrx_word' id='word_1_280' title='bbox 900 3922 931 3982; x_wconf 90' lang='lat' dir='ltr'>p.</span> <span class='ocrx_word' id='word_1_281' title='bbox 955 3899 1007 3963; x_wconf 83' lang='lat'>55.</span> <span class='ocrx_word' id='word_1_282' title='bbox 1031 3898 1082 3961; x_wconf 76' lang='lat'>62.</span> <span class='ocrx_word' id='word_1_283' title='bbox 1110 3898 1170 3960; x_wconf 79' lang='lat'>145</span> <span class='ocrx_word' id='word_1_284' title='bbox 1199 3898 1268 3962; x_wconf 95' lang='lat' dir='ltr'>coll.</span> 
     </span>
     <span class='ocr_line' id='line_1_35' title="bbox 175 3993 1269 4090; baseline 0.001 -25"><span class='ocrx_word' id='word_1_285' title='bbox 175 4004 197 4065; x_wconf 83' lang='lat' dir='ltr'>l·</span> <span class='ocrx_word' id='word_1_286' title='bbox 207 3993 243 4057; x_wconf 71' lang='lat'>12·</span> <span class='ocrx_word' id='word_1_287' title='bbox 269 4000 335 4069; x_wconf 90' lang='lat' dir='ltr'>Nou</span> <span class='ocrx_word' id='word_1_288' title='bbox 357 4006 464 4069; x_wconf 90' lang='lat' dir='ltr'>miuus</span> <span class='ocrx_word' id='word_1_289' title='bbox 489 4005 648 4069; x_wconf 90' lang='lat' dir='ltr'>mirabilis</span> <span class='ocrx_word' id='word_1_290' title='bbox 671 4009 722 4069; x_wconf 93' lang='lat' dir='ltr'>est</span> <span class='ocrx_word' id='word_1_291' title='bbox 745 4027 839 4090; x_wconf 91' lang='lat' dir='ltr'>quem</span> <span class='ocrx_word' id='word_1_292' title='bbox 863 4027 892 4088; x_wconf 94' lang='lat' dir='ltr'>p.</span> <span class='ocrx_word' id='word_1_293' title='bbox 912 4006 955 4068; x_wconf 87' lang='grc'>55</span> <span class='ocrx_word' id='word_1_294' title='bbox 974 4010 1007 4068; x_wconf 91' lang='lat' dir='ltr'>et</span> <span class='ocrx_word' id='word_1_295' title='bbox 1028 4005 1091 4068; x_wconf 80' lang='lat'>194</span> <span class='ocrx_word' id='word_1_296' title='bbox 1106 4027 1152 4087; x_wconf 91' lang='lat' dir='ltr'>sq.</span> <span class='ocrx_word' id='word_1_297' title='bbox 1176 4005 1269 4067; x_wconf 82' lang='lat' dir='ltr'>finxit</span> 
     </span>
     <span class='ocr_line' id='line_1_36' title="bbox 176 4093 1267 4194; baseline 0.005 -25"><span class='ocrx_word' id='word_1_298' title='bbox 176 4093 258 4164; x_wconf 64' lang='lat' dir='ltr'>num</span> <span class='ocrx_word' id='word_1_299' title='bbox 276 4107 404 4177; x_wconf 86' lang='lat' dir='ltr'>indicem</span> <span class='ocrx_word' id='word_1_300' title='bbox 427 4112 648 4191; x_wconf 81' lang='grc' dir='ltr'>Πλουτόρινο(</span> <span class='ocrx_word' id='word_1_301' title='bbox 673 4111 723 4175; x_wconf 90' lang='lat' dir='ltr'>vel</span> <span class='ocrx_word' id='word_1_302' title='bbox 748 4112 827 4175; x_wconf 89' lang='lat' dir='ltr'>adeo</span> <span class='ocrx_word' id='word_1_303' title='bbox 850 4112 1069 4189; x_wconf 82' lang='lat' dir='ltr'>l&#39;llouropiuoc</span> <span class='ocrx_word' id='word_1_304' title='bbox 1098 4110 1157 4194; x_wconf 87' lang='lat' dir='ltr'>(sic</span> <span class='ocrx_word' id='word_1_305' title='bbox 1182 4112 1267 4175; x_wconf 89' lang='lat' dir='ltr'>enim</span> 
     </span>
     <span class='ocr_line' id='line_1_37' title="bbox 177 4196 1267 4303; baseline 0.003 -26"><span class='ocrx_word' id='word_1_306' title='bbox 177 4196 251 4270; x_wconf 76' lang='lat' dir='ltr'>priore</span> <span class='ocrx_word' id='word_1_307' title='bbox 269 4211 329 4281; x_wconf 90' lang='lat' dir='ltr'>loco</span> <span class='ocrx_word' id='word_1_308' title='bbox 351 4220 507 4303; x_wconf 89' lang='lat' dir='ltr'>scriptum</span> <span class='ocrx_word' id='word_1_309' title='bbox 531 4216 661 4302; x_wconf 81' lang='lat' dir='ltr'>exstat),</span> <span class='ocrx_word' id='word_1_310' title='bbox 685 4218 805 4282; x_wconf 86' lang='lat' dir='ltr'>factum</span> <span class='ocrx_word' id='word_1_311' title='bbox 831 4219 955 4282; x_wconf 91' lang='lat' dir='ltr'>scilicet</span> <span class='ocrx_word' id='word_1_312' title='bbox 978 4242 997 4282; x_wconf 90' lang='lat' dir='ltr'>a</span> <span class='ocrx_word' id='word_1_313' title='bbox 1016 4218 1114 4296; x_wconf 76' lang='grc' dir='ltr'>ῥινόεε</span> <span class='ocrx_word' id='word_1_314' title='bbox 1139 4219 1189 4281; x_wconf 90' lang='lat' dir='ltr'>cui</span> <span class='ocrx_word' id='word_1_315' title='bbox 1209 4238 1267 4281; x_wconf 91' lang='lat' dir='ltr'>nos</span> 
     </span>
     <span class='ocr_line' id='line_1_38' title="bbox 115 4304 1267 4408; baseline 0.004 -27"><span class='ocrx_word' id='word_1_316' title='bbox 115 4376 117 4381; x_wconf 81' lang='grc'>,</span> <span class='ocrx_word' id='word_1_317' title='bbox 176 4304 260 4374; x_wconf 52' lang='lat'>⁸³51&amp;</span> <span class='ocrx_word' id='word_1_318' title='bbox 278 4339 385 4390; x_wconf 83' lang='lat' dir='ltr'>nomen</span> <span class='ocrx_word' id='word_1_319' title='bbox 402 4326 655 4408; x_wconf 84' lang='grc' dir='ltr'>Πλουτοτορύνῃ</span> <span class='ocrx_word' id='word_1_320' title='bbox 681 4324 780 4388; x_wconf 88' lang='lat' dir='ltr'>fuisse</span> <span class='ocrx_word' id='word_1_321' title='bbox 804 4307 996 4388; x_wconf 87' lang='lat' dir='ltr'>coniecimus</span> <span class='ocrx_word' id='word_1_322' title='bbox 1016 4323 1179 4406; x_wconf 87' lang='lat' dir='ltr'>Parcrgon</span> <span class='ocrx_word' id='word_1_323' title='bbox 1198 4322 1213 4385; x_wconf 93' lang='grc' dir='ltr'>Ι</span> <span class='ocrx_word' id='word_1_324' title='bbox 1238 4346 1267 4407; x_wconf 92' lang='lat' dir='ltr'>p.</span> 
     </span>
     <span class='ocr_line' id='line_1_39' title="bbox 176 4400 1267 4515; baseline 0.001 -24"><span class='ocrx_word' id='word_1_325' title='bbox 176 4400 221 4470; x_wconf 64' lang='lat'>¹²8·</span> <span class='ocrx_word' id='word_1_326' title='bbox 237 4414 369 4495; x_wconf 62' lang='lat' dir='ltr'>Rerum</span> <span class='ocrx_word' id='word_1_327' title='bbox 382 4432 469 4496; x_wconf 74' lang='lat' dir='ltr'>nem</span> <span class='ocrx_word' id='word_1_328' title='bbox 484 4432 602 4496; x_wconf 67' lang='lat' dir='ltr'>isacio</span> <span class='ocrx_word' id='word_1_329' title='bbox 618 4431 735 4495; x_wconf 74' lang='lat' dir='ltr'>statue</span> <span class='ocrx_word' id='word_1_330' title='bbox 749 4430 932 4495; x_wconf 68' lang='lat' dir='ltr'>cosmam</span> <span class='ocrx_word' id='word_1_331' title='bbox 946 4428 1169 4515; x_wconf 62' lang='lat' dir='ltr'>puosqeoa,</span> <span class='ocrx_word' id='word_1_332' title='bbox 1189 4429 1267 4494; x_wconf 72' lang='lat' dir='ltr'>uem</span> 
     </span>
    </p>
   </div>
   <div class='ocr_carea' id='block_1_3' title="bbox 201 4525 1052 4591">
    <p class='ocr_par' dir='ltr' id='par_1_3' title="bbox 201 4525 1052 4591">
     <span class='ocr_line' id='line_1_40' title="bbox 201 4525 1052 4591; baseline 0.002 -7"><span class='ocrx_word' id='word_1_333' title='bbox 201 4525 231 4566; x_wconf 50' lang='grc' dir='ltr'><strong>ἰ</strong></span> <span class='ocrx_word' id='word_1_334' title='bbox 245 4536 381 4589; x_wconf 63' lang='lat' dir='ltr'>²1recissum</span> <span class='ocrx_word' id='word_1_335' title='bbox 396 4554 530 4590; x_wconf 79' lang='lat' dir='ltr'>orvscvus</span> <span class='ocrx_word' id='word_1_336' title='bbox 545 4555 585 4591; x_wconf 87' lang='lat' dir='ltr'>nr.</span> <span class='ocrx_word' id='word_1_337' title='bbox 1020 4538 1052 4587; x_wconf 74' lang='lat'>27</span> 
     </span>
    </p>
   </div>
   <div class='ocr_carea' id='block_1_4' title="bbox 0 0 1448 5040">
    <p class='ocr_par' dir='ltr' id='par_1_4' title="bbox 0 0 1448 5040">
     <span class='ocr_line' id='line_1_41' title="bbox 0 0 1448 5040; baseline 0 4"><span class='ocrx_word' id='word_1_338' title='bbox 0 0 1448 5040; x_wconf 95' lang='lat' dir='ltr'> </span> 
     </span>
    </p>
   </div>
  </div>
 </body>
</html>
