2924 5046
496 131 572 178 srva
596 131 843 179 1111011011
866 131 971 178 araur.
1243 115 1305 179 531

115 282 154 341 et
206 274 294 338 liste
317 273 374 338 des
398 295 449 338 ses
474 295 634 360 ouvrages
658 274 781 358 d'apri’s
802 274 965 338 diffe'rents
985 273 1197 338 manuscrits'
1217 275 1307 340 Paris

118 379 268 466 1856)
290 383 324 445 11
345 379 501 445 Friderici
524 380 697 445 Ritschelii
724 381 762 446 de
787 379 946 445 Varronis
971 379 1234 446 Hebdomadibus
1258 383 1306 448 111

115 487 348 572 Imaginum
373 486 466 550 libris
491 486 765 551 commentatione
788 486 948 551 indicibus
973 487 1157 552 scholarum
1180 489 1215 552 in
1238 489 1307 553 uni·

116 595 320 657 versitate
343 592 509 658 Bonnensi
535 593 758 658 habendarum
789 617 815 657 a.
843 594 933 658 1856·
955 598 988 657 11
1014 595 1097 658 1857
1122 596 1309 680 praemissa,

119 700 256 763 cuius
283 700 476 784 epimetrnm
504 701 625 785 legitur
652 701 687 765 in
711 701 813 766 Musei
842 700 992 764 Rhenani
1021 724 1049 764 a.
1075 702 1157 767 1857
1187 702 1265 767 fasc.
1290 703 1305 764 1

120 826 162 886 p.
195 807 275 871 153
289 829 336 890 sq.
362 807 434 871 160.
472 807 542 883 Quo
565 808 678 872 libello
701 808 779 873 1.(1.
803 807 909 871 ordini
932 807 1131 871 restituendo
1155 808 1308 893 intentus,

122 932 227 994 quo
249 914 327 978 olim
341 913 597 979 ‘curiosissimus
617 914 806 998 disponendi
826 913 941 977 artifex
961 916 993 975 et
1015 918 1182 996 tamquam
1207 913 1308 979 archi-

124 1020 286 1085 tectus'
316 1020 420 1086 Varro
444 1042 499 1085 eos
528 1021 629 1085 libros
659 1020 875 1104 disposuerat,
906 1043 944 1083 ex
967 1020 1078 1103 paucis
1103 1020 1308 1103 antiquitatis

126 1125 362 1191 testimoniis
392 1126 515 1212 insigni
547 1150 611 1212 qua
641 1127 742 1211 pollet
772 1127 949 1211 sagacitate
979 1127 1081 1191 totius
1111 1127 1218 1210 operis
1247 1126 1310 1190 sibi

127 1226 354 1297 informavit
386 1256 456 1298 eam
488 1232 589 1298 fuisse
620 1235 774 1317 speciem,
807 1238 843 1298 ut
870 1234 931 1298 XV
955 1234 1113 1297 librorum
1137 1232 1203 1318 (tot
1225 1235 1310 1298 enim

127 1331 281 1424 fuisse,
303 1363 369 1406 non
393 1340 449 1425 LI,
473 1341 592 1405 codicis
616 1340 842 1405 Atrebatensis
867 1364 886 1404 a
909 1339 1114 1405 Schleichero
1138 1340 1311 1425 diligenter

129 1443 278 1511 collati
315 1462 489 1528 rursusque
522 1446 562 1510 ab
590 1445 616 1510 Ι.
649 1446 685 1511 Β.
718 1447 809 1511 Pitra
842 1448 967 1510 excussi
1002 1447 1189 1511 testimonio
1223 1468 1310 1511 acce·

123 1541 262 1618 dente
284 1553 432 1620 codicum
455 1551 689 1619 Parisiensium
713 1576 871 1619 consensu
897 1553 1006 1637 utique
1031 1552 1222 1616 credendum
1246 1550 1310 1637 est)

119 1655 289 1728 Primus
308 1660 509 1745 isagogicam
528 1661 783 1744 disputationem
803 1660 998 1742 contineret,
1021 1658 1105 1722 unde
1125 1680 1183 1721 sua
1201 1657 1311 1743 hausit

116 1751 181 1819 ‘10
227 1767 412 1851 septenario
434 1789 569 1833 numero
594 1767 717 1832 Gellius
742 1766 804 1851 III,
827 1769 866 1831 10
872 1819 880 1852 ,
904 1767 1031 1851 qualem
1055 1764 1309 1849 Antiquitatium

114 1874 313 1937 Partibus
336 1872 443 1938 Varro
476 1877 721 1957 praeposuerat,
754 1874 1011 1957 quattuordecim
1041 1870 1158 1957 reliqui
1188 1869 1310 1956 singuli

114 1980 314 2052 septenas
338 1979 519 2063 imaginum
541 1980 760 2045 hebdomades
784 1981 852 2045 sive
876 1981 918 2045 49
938 1980 1095 2064 imagines
1120 1979 1308 2061 complecte-

114 2084 284 2170 lentur,
307 2107 444 2170 quarum
469 2108 626 2150 summam
651 2086 764 2151 confici
788 2087 862 2152 686.
900 2085 1052 2172 Singulos
1076 2090 1183 2150 autem
1207 2084 1309 2149 libros

114 2166 186 2241 lta
238 2191 336 2256 luisse
360 2191 560 2274 distributos,
581 2197 618 2258 ut
641 2193 682 2256 ad
707 2192 848 2258 Graecos
872 2193 1018 2259 homines
1042 2197 1167 2276 septem
1190 2190 1310 2275 integri

114 2271 184 2364 H>
239 2298 292 2382 IV,
316 2297 376 2380 VI,
400 2297 495 2382 VIII,
517 2297 560 2382 X,
584 2298 663 2383 XII,
685 2298 764 2363 XIV
787 2304 985 2384 spectarent,
1018 2322 1097 2383 quos
1122 2297 1310 2363 alternatim

114 2393 303 2469 lotidem
325 2404 546 2470 Romanorum
568 2405 632 2488 III,
655 2404 694 2488 V,
718 2405 795 2490 VII,
818 2406 879 2490 IX,
901 2406 963 2490 XI,
985 2406 1079 2490 XIII,
1101 2403 1163 2469 XV
1186 2403 1337 2487 excipe-4

114 2503 252 2593 rent,
282 2511 371 2594 ipsas
404 2524 479 2576 ver'o
512 2512 729 2576 hebdomades
763 2512 938 2576 secundum
976 2532 1095 2595 genera
1131 2514 1310 2593 poetarum,

114 2585 411 2701 historicorum,
447 2623 613 2684 oratorum
645 2619 685 2682 al.
716 2618 816 2682 fuisse
847 2617 1023 2702 dispositas
1053 2617 1100 2681 ita
1129 2619 1165 2680 ut
1193 2616 1227 2679 in
1257 2615 1313 2680 his'

120 2715 292 2807 <tuoque
326 2720 458 2787 Graecis
494 2723 634 2788 Romani
672 2725 778 2808 quoad
815 2724 885 2788 fieri
914 2729 1032 2808 posset
1068 2723 1310 2807 responderent,

128 2822 316 2902 flamonia
337 2828 474 2914 denique
492 2830 692 2913 singularum
711 2830 947 2894 hebdomadum
962 2829 1121 2913 imagines
1136 2828 1309 2893 secundum

137 2913 348 3019 te111porum
379 2936 521 3000 rationes
552 2936 653 3000 fuisse
685 2937 891 3020 compositas.
944 2936 1043 3001 Cuius
1076 2933 1308 3018 disputationis

146 3040 263 3138 (1111111
292 3063 397 3126 pauca
424 3041 629 3125 antiquitatis
659 3042 846 3107 testimonio
875 3043 1033 3127 nitantur,
1066 3042 1207 3126 plurima
1234 3063 1309 3106 con·

117 3192 127 3210 .
153 3146 287 3213 motura
310 3148 389 3213 licet
411 3148 574 3231 probabili
598 3153 726 3232 reperta
750 3149 829 3228 sint,
852 3149 922 3212 fieri
945 3172 1010 3214 non
1035 3153 1151 3233 potest,
1175 3149 1252 3233 quin
1277 3153 1310 3213 11

159 3236 378 3320 dissentiendi
399 3255 568 3319 materiam
582 3257 761 3338 praebeant
776 3255 961 3339 etamplius
977 3256 1151 3340 quaerendi
1166 3256 1310 3320 animum

160 3362 315 3426 excirent.
352 3361 467 3444 Itaque
485 3359 656 3425 Ritschelii
679 3362 819 3447 libellus,
843 3364 983 3427 auctoris
1008 3364 1162 3427 beneficio
1187 3363 1309 3428 arPnos

160 3453 291 3532 delatus
319 3489 416 3551 quum
445 3466 480 3529 in
509 3489 548 3531 eo
576 3489 732 3551 essemus,
764 3472 800 3532 ut
828 3469 902 3533 dote
930 3468 1040 3552 aliqua
1067 3469 1227 3533 litteraria
1248 3491 1309 3552 pro

159 3577 254 3638 {nore
276 3573 471 3637 instructum
495 3574 580 3639 hunc
600 3574 782 3639 scholarum
802 3576 941 3640 indicem
961 3576 1191 3661 emitteremus,
1214 3576 1309 3640 nobis

157 3683 200 3742 Qt
227 3678 313 3762 grati
344 3678 444 3742 animi
475 3700 554 3764 erga
582 3704 611 3745 1.
641 3681 670 3744 d.
700 3682 896 3746 testificandi
927 3684 1129 3747 occasionem
1159 3683 1247 3747 dedit
1277 3687 1310 3747 11

154 3799 282 3870 operae
305 3787 435 3848 nostrae
450 3783 591 3850 Varroni
615 3786 741 3851 deditae
765 3787 948 3870 proferendi
973 3791 1146 3872 specimen.
1183 3789 1253 3865 Qua
1276 3790 1311 3853 in

151 3901 198 3956 re
226 3891 275 3955 ita
302 3891 518 3974 versabimur,
545 3897 582 3957 ut
610 3893 815 3977 antiquitatis
839 3895 1028 3959 memoriam
1056 3917 1119 3978 quo
1143 3895 1310 3959 exiliorem

154 4014 262 4083 super
291 3998 357 4062 illis
387 3996 479 4061 libris
508 4000 597 4062 nacti
625 4022 735 4063 sumus
765 4023 802 4064 eo
831 4000 1016 4084 religiosius
1045 4005 1202 4085 tutamur,
1235 4025 1309 4068 con·

155 4099 358 4188 iiciendique
368 4096 566 4187 potestatem¹
575 4126 673 4188 quam
686 4106 858 4170 artissimis
870 4106 988 4169 finibus
1001 4106 1310 4174 circumscribamus.

253 4209 410 4276 Nostram
435 4233 562 4297 quoque
586 4212 840 4297 disputationem
868 4237 934 4278 non
958 4213 1086 4277 aliunde
1109 4214 1173 4279 nisi
1196 4238 1215 4279 a
1238 4216 1310 4281 loco

1044 4317 1098 4372 34*
