2924 5046
423 345 500 393 srva
524 344 772 393 rruuoousnvu
796 346 900 391 araur.
1167 326 1232 391 515

108 483 131 551 't
165 485 308 551 fortasse
336 507 401 550 non
432 485 527 551 fallat
558 488 757 571 coniectura,
789 511 809 552 a
836 486 993 552 Varronis
1025 486 1232 569 potissimum

108 593 286 659 actoritate
326 592 506 676 proiectum
543 593 762 659 Romanorum
799 598 1045 676 exterorumque
1086 592 1233 676 exempla

108 700 200 765 edita
220 722 320 784 opera
338 699 505 765 Valerium
524 700 702 765 Maximum
726 701 954 784 composuisse.
990 699 1029 762 ln
1048 698 1232 763 istiusmodi

108 811 200 872 rtem
223 806 471 890 dispositionem
494 807 566 873 vide
589 830 685 892 quam
709 807 838 891 egregie
862 811 1020 891 congruat
1042 805 1080 869 de
1100 804 1231 870 Graecis
1245 816 1306 856 vm

108 914 276 979 rchitectis
315 911 474 976 decimum
511 913 632 977 librum
665 914 898 996 occupantibus
931 913 1095 977 memoria.
1141 910 1234 976 Paris

108 1022 201 1104 gitur,
225 1020 292 1085 nori
310 1020 445 1103 imparis
465 1019 591 1084 numeri
609 1018 728 1083 librum
747 1017 872 1083 Nonius
893 1018 1087 1102 adposuerat
1105 1040 1137 1100 p.
1155 1018 1233 1083 528:

108 1127 209 1192 ,ucis
231 1147 365 1190 numero
395 1126 528 1210 plurali,
556 1125 639 1210 quod
670 1129 745 1189 sunt
773 1120 850 1190 dies.
887 1124 992 1189 Varro
1020 1124 1234 1190 ebdonredum

131 1234 197 1298 sub
226 1233 368 1318 imagine
396 1232 555 1297 Demetri:
588 1231 638 1295 hie
664 1231 840 1296 Denretrius
867 1236 910 1296 est
936 1237 1022 1295 colus
1052 1233 1133 1313 qarod
1159 1232 1236 1296 lueis

108 1341 175 1406 abet
207 1360 311 1404 oneres
341 1338 524 1405 absolotro':
562 1340 629 1403 sive
661 1341 860 1404 monadum
898 1354 999 1417 VIII,
1036 1339 1103 1403 sive
1135 1336 1235 1424 (quod

108 1448 318 1532 mplcctimur
340 1441 511 1529 libentius)
541 1458 587 1512 VI
608 1445 660 1509 vel
686 1461 770 1513 IIII
794 1445 950 1529 scriptum
976 1444 1048 1509 fuit.
1084 1442 1235 1510 Ceterum

108 1575 185 1617 nam
213 1551 380 1636 praeclara
403 1550 630 1615 emendatione
653 1551 794 1635 elogium
822 1551 902 1615 illud
925 1550 1116 1615 Demetrii
1140 1550 1234 1617 Pha·

108 1659 186 1725 rrei
219 1657 377 1742 Iosephus
406 1655 550 1741 Scaliger
581 1658 616 1721 in
647 1654 821 1721 Catelectis
853 1678 883 1739 p.
907 1657 973 1719 220
1006 1656 1054 1720 ed.
1087 1680 1115 1721 a.
1149 1658 1232 1722 1611

108 1765 334 1847 rstauraverit,
357 1763 438 1828 satis
462 1763 548 1828 inter
571 1784 683 1828 omnes
707 1766 853 1828 constare
876 1764 1040 1844 putamus:

337 1868 401 1934 Hic
424 1867 607 1934 Demetrius
631 1891 749 1933 aeneas
773 1872 824 1933 tot
847 1872 972 1952 aptust,

201 2059 205 2063 .
339 1975 425 2052 Quot
447 1974 529 2040 lucis
552 1975 653 2040 habet
676 1998 779 2040 annus
802 1973 984 2039 absolutus:

108 2086 152 2151 isi
180 2083 266 2168 quod
294 2083 412 2146 rectius
440 2080 637 2148 Schraderus
665 2103 771 2147 meas
799 2082 1006 2146 substituisse
1035 2085 1121 2146 recte
1153 2082 1233 2147 iudi-

108 2195 191 2255 atur.
215 2227 259 2235 —
283 2187 403 2254 Contra
427 2188 468 2253 ad
485 2188 668 2254 Romanum
691 2189 865 2270 hominem,
889 2188 916 2251 si
940 2187 1035 2252 modo
1060 2188 1098 2252 de
1122 2189 1235 2254 ordine

108 2297 294 2362 'arroniano
331 2294 547 2380 probabiliter
584 2295 771 2378 statuimus,
807 2316 873 2360 non
910 2295 950 2359 ad
984 2293 1142 2360 Graecum
1176 2295 1235 2360 illa

108 2402 298 2469 ertinebant
331 2423 413 2486 quae
441 2425 458 2466 e
486 2423 584 2466 nono
616 2400 700 2466 libro
729 2399 893 2465 Charisius
927 2402 1070 2465 servavit
1100 2425 1130 2485 p.
1156 2403 1233 2466 121:

108 2509 216 2575 Varro
238 2508 465 2573 hebdomadon
487 2529 590 2573 nono:
613 2529 634 2571 a
656 2509 753 2591 11111911
775 2507 1051 2572 wadeornurcturss

179 2615 227 2680 At
249 2637 323 2679 vero
351 2614 427 2679 huie
451 2614 644 2698 disponendi
668 2614 774 2697 specie
797 2617 908 2697 aperte
931 2634 1113 2699 repugnare
1137 2612 1233 2678 Gellii

108 2721 314 2785 tetimonium
351 2722 478 2786 videtur
515 2721 598 2804 quod
637 2725 686 2785 est
722 2721 755 2784 in
788 2720 893 2802 capite
926 2721 965 2783 11
1004 2719 1080 2784 libri
1109 2718 1157 2783 ΠΙ
1193 2720 1233 2784 ad

108 2828 268 2893 lomerum
299 2828 480 2911 pertinens:
514 2826 572 2891 ‘M.
598 2831 705 2891 autem
728 2826 832 2891 Varro
862 2827 896 2891 in
924 2827 1029 2910 primo
1057 2826 1096 2889 de
1119 2826 1232 2910 imagi-

108 2935 202 3018 ibus,
229 2938 301 2997 uter
328 2935 417 3017 prior
445 2935 490 2998 sit
515 2938 628 3016 natus,
655 2956 769 3017 parum
793 2938 942 2998 constare
970 2932 1061 3014 dicit,
1090 2932 1144 2996 sed
1168 2955 1233 2997 non

108 3063 162 3106 sse
191 3040 324 3105 dubium
352 3042 429 3124 quin
454 3041 563 3124 aliquo
587 3044 733 3123 tempore
757 3040 869 3105 eodem
892 3040 1046 3122 vixerint,
1072 3039 1168 3123 idque
1195 3061 1232 3103 ex

108 3150 201 3211 {mmo
229 3149 274 3226 et]
308 3147 540 3230 epigrammate
574 3146 699 3210 ostendi
732 3146 818 3230 quod
849 3128 883 3210 in
915 3147 1042 3229 tripode
1076 3147 1233 3229 scriptum

108 3258 153 3335 st,
190 3252 246 3335 qui
277 3253 310 3315 in
334 3256 443 3317 monte
476 3252 632 3317 Helicone
665 3252 705 3316 ab
738 3251 882 3317 Hesiodo
915 3253 1040 3335 positus
1072 3252 1233 3317 traditur?

108 3359 132 3424 lt
156 3360 192 3424 in
216 3359 279 3423 fine
298 3359 429 3441 capitis:
453 3357 517 3423 ‘De
540 3359 648 3443 patria
671 3381 797 3443 quoque
817 3359 951 3425 Homeri
971 3360 1073 3424 multo
1093 3359 1232 3425 maxime

108 3467 272 3531 issensum
296 3470 354 3530 est.
391 3465 449 3529 alii
472 3463 722 3550 Colophonium,
746 3466 802 3530 alii
827 3465 1050 3549 Smyrnaeum,
1080 3470 1155 3531 sunt
1178 3467 1233 3551 qui

108 3571 334 3654 rtheniensem,
352 3574 429 3634 sunt
444 3570 541 3634 etiam
561 3569 615 3653 qui
631 3571 829 3656 Aegyptium
848 3571 948 3634 fuisse
967 3571 1084 3636 dicant.
1108 3573 1233 3636 Aristo-

108 3678 169 3742 rles
188 3676 324 3742 tradidit
343 3700 381 3740 ex
400 3677 506 3741 insula
523 3676 569 3741 Io.
602 3676 645 3741 M.
660 3677 765 3742 Varro
787 3680 893 3757 [iberae
909 3677 952 3742 lo.
967 3677 1039 3743 ideo
1055 3677 1098 3741 M.
1112 3676 1231 3759 Varro]

108 3808 122 3849 1
151 3783 238 3847 libro
270 3783 309 3846 de
342 3781 537 3866 imaginibus
570 3783 674 3864 primo
703 3782 838 3846 Homeri
870 3783 1003 3867 imagini
1031 3785 1233 3869 epigramma

108 3912 152 3956 oe
175 3888 342 3972 apposuit:

224 3993 358 4079 Capella
380 3993 515 4059 Homeri
539 3994 675 4059 candida
696 3995 777 4059 haec
800 3997 960 4060 tumulum
983 3996 1112 4077 indicat,

224 4100 315 4178 Quod
339 4101 399 4164 hac
422 4100 511 4165 Ietae
534 4105 663 4165 mortuo
686 4101 811 4165 faciunt
834 4100 949 4166 sacra.'

108 4208 211 4272 lerum
245 4208 331 4271 enim
362 4229 440 4272 vero
473 4208 535 4272 hoc
567 4211 759 4292 argumento
792 4208 867 4290 quia
896 4209 1033 4273 nimium
1068 4209 1233 4293 probatur,

108 4313 248 4376 robatur
274 4313 367 4376 nihil.
405 4313 498 4391 Quod
526 4316 554 4378 si
583 4336 620 4378 eo
646 4314 782 4397 valeret,
809 4316 846 4376 ut
868 4312 1010 4380 Graecae
1037 4314 1232 4380 hebdomadi

108 4440 179 4483 ocus
205 4418 305 4484 fuisse
328 4420 363 4484 iu
391 4421 526 4504 imparis
549 4419 673 4485 numeri
701 4418 786 4482 libro
809 4417 984 4484 credendus
1009 4426 1106 4505 esset,
1134 4423 1232 4488 simul

968 4525 1023 4579 33*
