2924 5046
143 324 209 391 286
552 347 599 392 ns
623 345 881 393 nusuuarrorue

143 483 304 563 adhibuit,
326 489 360 548 et
382 485 535 551 adhibere
559 509 596 552 eo
620 488 819 553 commodius
842 485 960 570 potuit,
981 484 1068 571 qnod
1090 484 1213 568 publici
1230 504 1292 549 em

143 612 217 655 runi
239 592 388 677 plerique
411 596 511 659 erant.
557 593 749 678 Quanquam
773 592 930 677 quosdam
952 591 1130 656 accessisse
1152 589 1292 675 Lengiz

143 718 259 763 norum
281 721 415 764 numero
438 722 504 765 non
523 702 773 785 comprehensos
791 699 887 764 facile
906 721 944 764 ex
962 699 1003 763 iis
1021 697 1292 764 annotationibus

142 805 345 889 perspicitur,
367 807 484 890 quibus
508 808 598 871 velut
619 807 732 890 1189188
754 812 788 873 88
810 807 1008 871 Academicos
1031 808 1229 871 antestatnr:
1262 825 1292 863 ἰ

142 914 306 977 taceamus
320 914 507 979 Mcods’anos
531 914 676 999 aliosque
698 915 770 997 ipso
789 912 920 977 nomine
943 912 1099 976 diversos.
1131 909 1292 976 Attum«

142 1016 229 1083 hunc
252 1020 372 1104 locum,
400 1021 456 1105 qui
479 1025 529 1085 est
550 1020 590 1084 de
613 1019 814 1085 Bentleianis
838 1019 946 1097 libris,
973 1040 1034 1102 par
1056 1020 1108 1082 est
1129 1017 1292 1083 intuetu

142 1123 195 1187 hio
223 1125 375 1209 relinqui,
408 1149 480 1191 cum
509 1125 570 1190 hoc
597 1126 705 1209 ipsum
733 1126 827 1209 quale
856 1125 900 1188 sit
921 1145 1073 1208 quaerere
1097 1145 1118 1187 8
1139 1123 1292 1189 Philos

142 1228 281 1310 phorum
308 1231 429 1297 Ordine
459 1254 562 1316 nuper
592 1233 671 1296 iussi
702 1232 784 1296 sitis.
836 1231 954 1295 Restat
983 1236 1168 1295 exterorum
1198 1246 1292 1295 um

142 1334 390 1403 Westerhovius
414 1337 515 1424 (Hag.
534 1337 624 1403 Com.
649 1335 751 1422 1726)
775 1336 922 1402 codicum
947 1359 966 1401 a
990 1340 1095 1400 semet
1116 1332 1292 1422 usurpa*

141 1462 213 1506 rum
236 1442 334 1528 longe
348 1443 495 1509 Bentleio
514 1445 705 1530 diligentior
727 1444 831 1508 testis.
862 1443 949 1507 Vsus
973 1447 1023 1508 est
1045 1444 1133 1508 enim
1157 1443 1292 1526 scrip

142 1550 295 1632 exemplis
318 1550 473 1615 tredecim
495 1551 563 1616 his:
589 1552 729 1634 quinque
746 1550 949 1626 Lcidcnerbus,
973 1570 1111 1632 quorum
1134 1550 1292 1633 quaet

142 1651 204 1719 XV
228 1658 356 1722 saeculo
387 1658 517 1741 tribuit,
549 1658 698 1742 quintum
722 1658 891 1742 antiquum
914 1658 1022 1738 rocat3
1054 1655 1184 1721 duobus
1206 1655 1292 1721 Ιιι

141 1760 252 1845 Iapeti,
267 1786 402 1846 quorum
418 1765 502 1830 alter
520 1766 599 1830 item
618 1765 774 1850 migravit
787 1765 821 1828 in
835 1763 1027 1828 Leidensem
1040 1761 1292 1827 bibliotheca-

142 1867 316 1934 Traiectr'no
340 1871 522 1935 academico
546 1871 647 1935 chart.
671 1891 752 1934 8888.
775 1867 846 1952 XV,
870 1867 1039 1933 0888818881
1060 1868 1292 1932 eademieu

142 1974 235 2039 libris
258 1975 385 2053 Bodlei,
407 1976 579 2041 Martiano
602 1975 682 2039 XIII
706 1975 836 2057 saeculi,
858 1974 994 2057 denique
1013 1973 1203 2057 Graeciam,
1231 1964 1292 2035 V

141 2081 236 2164 tiano,
258 2081 580 2147 Boerulcrmukeriuno
602 2083 753 2147 membrr.
793 2080 883 2145 Inter
904 2083 1068 2145 nostrates
1092 2084 1204 2145 autem
1233 2075 1292 2141 l·

143 2186 273 2269 quidem
296 2189 424 2253 saeculo
448 2189 574 2255 codices
598 2189 723 2271 primus
742 2187 972 2270 circumspexit
984 2184 1135 2269 Bothius,
1158 2186 1292 2265 utriq

145 2291 280 2356 editioni
294 2292 414 2378 (Berol
432 2295 516 2360 1806
535 2299 568 2358 88
581 2294 679 2360 Η816.
691 2293 790 2380 1822)
809 2293 964 2358 adhibitis
983 2292 1088 2357 tribus
1103 2293 1292 2358 Beroliu·

140 2398 238 2483 absis,
260 2401 428 2485 tribusque
443 2400 700 2484 Guelferbrjlcots,
723 2423 860 2486 quorum
883 2422 966 2464 nnus
990 2399 1053 2463 fuit
1074 2399 1155 2464 olim
1178 2389 1292 2464 Hal:

137 2506 302 2572 8188188818
329 2512 363 2572 88
389 2507 545 2591 peculiari
575 2507 665 2572 Facii
694 2529 793 2592 opera
820 2507 957 2573 collatus
986 2527 1056 2570 csse
1086 2506 1121 2570 in
1144 2505 1292 2571 Harlae

139 2608 311 2695 Opusculis
335 2613 451 2678 fertur:
485 2615 602 2699 quibus
631 2615 725 2679 libris
748 2615 783 2678 in
807 2613 1019 2679 annotatione
1041 2611 1157 2677 critica
1180 2624 1292 2696 pos

139 2718 234 2784 rioris
262 2721 413 2801 editionis
442 2722 578 2787 accessit
607 2722 747 2786 omissus
775 2720 809 2784 in
832 2719 1033 2804 praefatione
1055 2718 1292 2802 fatuam

138 2825 289 2893 Haleso
311 2832 419 2893 autem
444 2828 563 2894 codicis
586 2828 681 2892 fidem
705 2830 834 2893 constat
852 2826 983 2891 Brunsii
1002 2825 1184 2890 editionem
1198 2813 1292 2912 (ΗΞ

141 2931 241 3019 1811)
273 2934 520 3020 religiosissime
552 2935 684 3000 imitari
733 2933 813 2999 Tres
846 2932 1103 3015 Grrclferbylunos
1135 2924 1292 3019 (que-t.

137 3039 224 3103 enim
243 3040 369 3106 scholia
382 3045 513 3106 tantum
531 3041 689 3124 quaedam
709 3041 759 3105 rel
779 3041 905 3125 glossas
925 3038 1168 3125 complectitur)
1186 3030 1292 3104 ha·

139 3146 174 3209 in
197 3146 316 3212 Perleti
341 3147 482 3212 editione
506 3146 610 3231 (Lips.
631 3145 731 3232 1821)
755 3150 930 3229 excerptos,
953 3145 1008 3229 qui
1031 3148 1203 3229 praeterea
1238 3136 1292 3203 C

138 3250 248 3331 868888
270 3252 350 3317 (1888
374 3253 524 3337 inspexit,
547 3258 581 3317 et
598 3275 636 3317 ex
648 3253 774 3317 1888881
792 3251 950 3337 quaedam
969 3251 1084 3316 attulit
1102 3250 1292 3317 accurata?

139 3357 181 3421 ab
213 3356 238 3423 I.
261 3357 300 3422 G.
322 3359 478 3424 Muellero
511 3360 546 3425 in
572 3358 717 3424 Walchii
745 3358 817 3424 Act
847 3381 910 3424 soc.
939 3356 1005 3422 Ien.
1037 3356 1058 3421 l.
1091 3380 1118 3424 8.
1151 3358 1292 3425 881181-

137 3462 283 3548 Vtroque
297 3463 448 3532 Gothano
469 3471 503 3531 et
517 3465 772 3530 Helmstadiensi
795 3465 894 3530 etiam
912 3463 1123 3549 Boettigerns
1146 3482 1244 3530 usus

137 3569 228 3655 Speu
241 3594 314 3638 nor.
329 3573 377 3638 ed.
390 3573 461 3638 Ter.
495 3572 641 3657 Denique
664 3571 860 3637 nostratium
882 3571 981 3635 trium
996 3569 1292 3654 1186819888κωῖ

136 3679 315 3761 specimina
337 3679 513 3767 Pinzgerus
537 3679 685 3744 exhibuit
707 3680 741 3743 in
756 3677 894 3744 Seebodi
907 3676 1034 3741 Horreo
1056 3677 1137 3760 phil.
1152 3700 1180 3742 a.
1197 3668 1292 3741 13·Ι

135 3807 166 3867 p.
190 3787 255 3851 816
270 3808 338 3872 sqq.
361 3809 524 3871 unumque
548 3785 769 3868 Grrspliicnsem
792 3785 993 3850 Reinholdus
1014 3783 1132 3850 Adnot.
1155 3783 1240 3859 crit.

134 3889 207 3957 Ter.
227 3889 383 3979 (Primisl.
405 3891 505 3978 1830)
523 3892 648 3957 habuit
690 3890 847 3958 Consulto
866 3897 975 3958 autem
993 3890 1292 3975 688888888181811ιι

135 3999 162 4062 81
186 4000 242 4082 qui
266 4000 365 4064 semel
383 3999 475 4064 bisve
494 4003 789 4065 commemorantur
808 4023 827 4064 8
847 4000 969 4064 88181818
989 3998 1078 4063 uliud
1098 3992 1292 4083 agentibfl

135 4108 171 4168 ut
198 4105 232 4167 in
254 4104 357 4171 Novis
380 4106 481 4170 Lectt
505 4105 631 4172 08818νὲ
658 4106 771 4189 codex,
803 4106 836 4171 in
866 4106 995 4182 Quaest
1018 4103 1126 4169 Plaut
1153 4095 1292 4169 cudi&

134 4209 292 4295 Gulielmi,
315 4211 371 4276 alii
396 4212 483 4276 alibi
530 4210 737 4296 Singulorum
762 4215 880 4294 autem,
903 4233 986 4295 quos
1010 4204 1292 4275 enumeras-inrue

134 4318 316 4382 accuratior
338 4318 511 4402 descriptio
535 4340 574 4382 ex
594 4319 753 4382 editorum
773 4318 840 4382 sive
859 4316 1118 4401 praefationibus
1135 4315 1204 4381 sire
1221 4310 1292 4371 13

134 4424 359 4489 notationibus
382 4428 526 4508 petatur:
558 4446 661 4510 neque
685 4424 771 4490 enim
795 4424 846 4488 vel
869 4444 909 4488 88
930 4423 967 4489 in
989 4444 1026 4489 re
1048 4422 1101 4487 vol
1122 4421 1159 4489 in
1178 4414 1292 4487 ff
