2888 5040
209 101 273 167 598
408 118 692 165 EMENDATIONVM
716 116 1017 164 CATVLLIANARVH
1041 114 1155 164 'rsus

210 261 410 327 Varronem?
448 260 570 325 Verum
597 261 631 325 in
663 261 739 343 hoo,
771 260 917 344 quamvis
947 258 1071 343 alioqui
1105 280 1220 345 gnarus
1246 247 1355 344 prisci
1423 236 1439 258 ‹.

210 369 382 450 sermonis,
418 367 550 430 modum
587 369 695 431 tam'en
728 367 778 431 vir
809 365 946 431 eximius
979 367 1128 431 excessit
1166 365 1230 431 Nec
1254 368 1365 432 enin

211 497 322 539 verum
345 478 396 537 est
418 495 476 538 nec
500 472 604 536 Varro
633 472 717 536 libro
741 472 879 556 septimo
907 471 947 536 de
970 471 993 535 l.
1016 470 1075 536 lat
1097 471 1171 540 inde
1193 494 1212 536 a
1231 496 1254 557 p.
1271 465 1371 538 23⁶2

211 580 264 664 Sp.
288 584 429 645 testatur
448 578 613 663 quaelibet
631 579 702 642 loca
721 599 790 642 esse
808 578 933 661 templa
951 578 1134 663 appellata:
1157 579 1383 664 (111061013-

210 687 323 751 bulum
347 708 387 749 ne
416 685 452 747 in
480 685 630 749 liberiore
655 707 715 749 usu
742 685 872 768 quidem
897 685 1070 770 propriam
1096 686 1148 751 vel
1172 683 1385 751 oncrum

211 793 262 857 vel
286 793 403 856 saltem
431 791 599 876 religionis
622 791 788 856 notionem
816 813 950 874 prorsus
978 792 1139 876 deposuit
1178 792 1226 857 Ab
1247 811 1387 877 augu-

211 898 304 963 randi
322 898 479 981 religione
500 895 647 979 profecta
665 900 716 961 est
733 896 884 981 frequens
902 895 1066 982 Lucretio,
1088 920 1155 962 non
1172 898 1384 985 infrequens

211 1005 332 1088 Ennio,
365 1003 530 1085 Terentio,
563 1000 677 1084 Accio,
710 1001 845 1066 Manilio
877 1002 1015 1084 locutio,
1046 1023 1113 1086 qua
1139 1003 1380 1070 verederio

212 1112 337 1203 templo,
361 1110 411 1175 vel
433 1111 510 1174 caeti
533 1109 645 1191 templa
667 1110 736 1173 sive
759 1108 951 1192 simpliciter
973 1108 1126 1174 dicuntur
1147 1110 1213 1175 sive
1232 1109 1370 1177 additis

211 1224 349 1295 aeterna,
380 1238 518 1299 sumum,
548 1216 627 1294 olto,
662 1216 828 1298 fulgetis,
860 1216 976 1300 lucido,
1013 1217 1152 1296 mua,
1171 1211 1358 1300 'maleit

212 1323 379 1407 epithetis:
407 1327 505 1406 atque
531 1323 630 1386 etiam
654 1321 813 1406 singulari
840 1343 973 1386 numero
1003 1323 1151 1404 waplam
1176 1328 1281 1390 certam
1303 1324 1343 1386 et

213 1434 378 1514 tamquam
410 1429 602 1493 dimetetam
629 1429 794 1512 regionem
822 1428 903 1492 caeli
935 1426 1094 1493 Manilius
1124 1429 1172 1513 H,
1193 1431 1259 1497 354
1276 1428 1330 1496 668

212 1535 302 1600 dixit
335 1535 428 1601 Vnde
451 1535 557 1599 facilis
581 1534 621 1599 ad
644 1534 727 1598 talia
749 1533 908 1597 transitus
931 1533 995 1598 fuit
1018 1535 1131 1619 qualia
1152 1541 1226 1602 sunt
1239 1536 1328 1601 Lucre

212 1643 303 1706 tiana
327 1642 384 1705 illa
407 1643 513 1723 irruent
536 1642 675 1705 coelestia
698 1641 808 1704 mundi
831 1640 944 1724 templa
961 1638 1002 1724 V,
1024 1642 1111 1706 1204
1134 1647 1169 1707 et
1187 1660 1325 1726 suppresse

213 1748 294 1813 caeli
321 1748 454 1813 notione
481 1749 591 1812 oriendi
618 1768 766 1830 worn
798 1748 943 1829 templum
970 1745 1011 1830 V,
1037 1749 1123 1813 1436
1154 1753 1247 1834 atque
1269 1747 1328 1812 adeo

213 1855 322 1919 muudi
344 1854 491 1917 scortatio
514 1854 626 1935 tempu
649 1852 709 1936 VI,
732 1854 785 1940 43.
827 1852 898 1928 Quo
926 1855 1075 1936 proxime
1100 1856 1225 1921 aceedit
1243 1852 1332 1920 Cicero

213 1962 247 2023 in
271 1959 404 2024 Somnio
433 1957 594 2042 Scipionis
623 1981 692 2043 cap.
717 1960 751 2042 3,
774 1960 808 2023 A:
840 1959 978 2025 luminas
1005 1962 1090 2024 enim
1117 1967 1193 2026 aaut
1217 1962 1270 2026 tac
1292 1961 1338 2043 up

210 2068 357 2149 generati,
374 2068 428 2146 qut
447 2070 602 2130 uterentur
620 2066 710 2130 illum
724 2066 848 2147 globum
866 2087 956 2148 quem
973 2067 1009 2130 in
1025 2065 1082 2131 hoc
1100 2069 1212 2150 templo
1228 2068 1344 2132 rodim
1433 2063 1444 2086 ²

213 2173 309 2255 nus,
331 2193 410 2254 quoe
433 2176 515 2234 terra
537 2173 658 2236 duitor.
695 2171 821 2237 Medius
845 2174 931 2239 inter
952 2172 1014 2237 hoo
1037 2193 1143 2258 genus
1168 2179 1202 2239 et
1223 2174 1349 2239 alterum

213 2278 304 2343 locus
328 2278 373 2341 eis
397 2278 552 2360 exemplis
576 2278 765 2344 tribuendus
789 2283 853 2362 est,
879 2303 961 2364 quae
984 2302 1050 2345 non
1074 2282 1228 2347 seiuncta
1249 2304 1269 2346 a
1288 2303 1353 2365 sps·

213 2384 334 2449 tiorum
354 2384 553 2468 cogitatione
571 2384 667 2449 simul
685 2386 828 2450 iunctam
847 2385 970 2451 habent
987 2387 1162 2453 numinum
1180 2388 1356 2454 divinorum

214 2491 393 2568 notionem,
422 2496 459 2555 ut
481 2512 597 2572 triopae
619 2492 731 2573 templu
753 2493 897 2557 caelitum
919 2493 1005 2576 apud
1027 2492 1181 2558 Ennium
1203 2498 1238 2559 et
1259 2495 1361 2580 singu·

214 2597 327 2661 lariter
350 2596 434 2679 apud
458 2595 593 2660 Accium
624 2600 769 2680 teurplum
796 2600 951 2663 caelitum:
982 2599 1032 2664 cui
1062 2601 1210 2665 maxime
1238 2603 1364 2687 propiu-

215 2725 313 2786 quum
342 2726 399 2785 pro
423 2704 511 2767 caelo
540 2705 683 2793 positum
711 2706 855 2787 temptum
882 2726 1030 2788 nmquam
1053 2706 1144 2772 Iovis
1172 2709 1366 2775 (1666061666

214 2810 248 2873 in
280 2810 465 2874 Annalibus
497 2810 597 2874 Ennii
630 2834 658 2874 v.
686 2812 761 2876 531.
811 2811 926 2895 ltaque
959 2809 999 2875 ad
1030 2815 1204 2880 eertorum
1236 2817 1367 2882 deorum

213 2937 368 2997 personas
398 2921 503 2981 cetera
535 2939 661 3002 quoque
691 2919 737 2982 sic
764 2918 948 2982 referuntur
973 2921 1011 2982 ut
1042 2918 1185 2985 sociatis
1220 2924 1308 2988 inter
1337 2945 1369 2987 se

214 3021 382 3104 religionis
420 3028 517 3107 atque
554 3025 738 3089 sanctitatis
775 3024 965 3088 notionibus
997 3045 1017 3086 a
1053 3024 1193 3110 vulgari
1225 3031 1370 3113 templum

215 3127 304 3190 vocis
328 3149 388 3190 usu
411 3130 545 3194 minimo
569 3131 740 3194 intervallo
763 3130 893 3194 distent.
930 3127 1000 3193 Neo
1018 3130 1117 3214 enim,
1142 3139 1185 3198 nt
1208 3136 1370 3219 caelestis,

140 3250 201 3290 vm
215 3231 263 3295 ita
288 3233 386 3296 etiam
410 3235 460 3297 vel
486 3236 612 3299 marina
635 3237 686 3300 vel
708 3236 837 3300 inferna
860 3235 910 3300 vel
933 3235 1105 3300 terrestria
1129 3241 1265 3326 templa
1287 3245 1371 3310 diota

216 3343 291 3403 sunt
315 3339 520 3422 simpliciter:
544 3342 629 3425 quod
653 3342 714 3405 etsi
737 3343 870 3406 minime
890 3342 1050 3406 rationem
1075 3346 1260 3426 quominus
1283 3350 1372 3415 fieret

214 3445 422 3529 impedivisse
449 3447 568 3529 dicam,
600 3453 711 3514 tamen
738 3470 801 3513 non
834 3448 988 3531 probasse
1017 3451 1299 3520 consuetudinem
1326 3478 1370 3521 re

215 3553 315 3634 perio.
340 3552 439 3616 Velut
456 3575 523 3618 non
537 3554 729 3638 simpliciter
749 3554 861 3635 templa
879 3553 1055 3617 turbulento
1068 3551 1216 3624 Plautus
1231 3583 1371 3648 aequore

142 3751 145 3757 Ι
216 3660 316 3723 maris
346 3660 501 3724 concitati
524 3661 665 3744 vocavit,
696 3663 752 3725 sed
780 3661 826 3725 sio
853 3661 979 3725 locutus
1008 3662 1060 3723 est
1083 3659 1208 3729 Militis
1236 3669 1370 3752 gloriosi

215 3788 245 3829 v.
267 3767 347 3830 413:
370 3768 405 3830 in
429 3767 502 3830 locis
520 3767 725 3849 Neptuniis
748 3768 926 3851 templisque
943 3765 1142 3831 turbulente:
1169 3773 1371 3860 eundemque

215 3868 404 3954 Neptunum
423 3891 460 3934 ex
479 3871 545 3935 suis
568 3872 641 3935 locis
664 3872 840 3954 teurplrsque
862 3872 1046 3954 exposuisse
1062 3874 1271 3962 naufragum
1294 3878 1371 3944 dixit

214 3975 373 4041 Rudentis
405 4000 434 4039 v.
462 3977 536 4042 908.
582 3976 651 4042 Nec
688 3979 754 4043 alia
790 3979 874 4042 ratio
911 3977 1043 4041 illorum
1080 3982 1133 4042 est
1172 4000 1261 4066 quae
1297 3988 1371 4051 sunt

215 4081 387 4146 Adserusia
406 4084 518 4164 templo
535 4084 602 4149 atto
621 4082 694 4148 Orci
713 4085 797 4167 apud
816 4083 968 4164 Ennium,
990 4104 1120 4166 scrupea
1143 4108 1227 4154 sava
1251 4091 1369 4157 Boeoti

215 4189 328 4273 ternplu
359 4190 444 4285 apud
471 4188 662 4274 Pacuvium,
699 4190 848 4256 Volcania
879 4191 991 4278 ternplo
1022 4193 1110 4276 apud
1140 4192 1295 4263 Accium
1331 4236 1366 4249 -
