2888 5040
403 336 615 385 slavumvn
639 337 946 385 rasssrnnnnvn.
1179 323 1243 385 283

256 480 381 546 Vrbe'm
403 479 543 544 Romam
566 502 586 543 a
608 478 769 564 principio
793 500 886 564 reges
909 480 1062 545 habutre.

256 587 459 653 Libertatem
481 588 514 650 et
537 585 740 651 consulatum
764 585 883 650 Brutus
906 568 1059 652 instituit.

256 693 448 759 Dictaturae
471 692 512 757 sd
534 695 663 776 tempus
687 691 913 757 sumebantur:
936 715 1039 777 neque

257 798 492 865 Decemviralis
514 798 659 882 potestas
683 798 770 862 ultra
792 779 973 883 biennium,

255 907 369 992 Neque
391 906 597 972 tribunorum
621 903 764 970 mi'l’tum
787 907 956 971 consulare
979 906 1039 971 ius.

69 1015 261 1080 Videlicet
286 1018 356 1078 tam
382 1012 477 1078 facile
499 1011 655 1078 Romanis
683 1011 747 1075 fuit
774 1033 887 1077 versus
916 1013 1036 1097 facere,
1060 1012 1110 1076 vel
1133 1013 1242 1096 potius

68 1145 152 1189 non
178 1122 294 1188 facere
317 1118 458 1184 difficile.

180 1226 250 1293 Sed
266 1227 365 1290 istam
384 1225 510 1290 codices
528 1247 693 1310 nunquam
712 1247 778 1290 non
797 1227 1032 1291 antestantium
1050 1226 1242 1311 religionem

71 1337 213 1402 saltem
245 1333 450 1399 coniunctam
480 1353 550 1396 esse
579 1335 673 1415 putes
704 1353 777 1395 cum
808 1337 958 1396 accurata
989 1331 1177 1414 eorundem,
1210 1332 1243 1396 in
1334 1396 1340 1405 ,

72 1462 235 1528 qnorum
252 1438 349 1504 fidem
366 1436 500 1519 iuratur,
519 1436 665 1501 codicum
683 1437 876 1520 cognitione.
908 1437 1030 1502 Verum
1045 1439 1079 1501 in
1089 1436 1242 1502 Terentio

72 1545 227 1632 quidem
241 1543 414 1611 Klotaiano
437 1565 488 1609 res
506 1544 604 1628 longe
627 1543 724 1608 aliter
747 1544 871 1609 cecidit.
901 1544 1046 1609 Tametsi
1069 1545 1155 1608 enirn
1175 1567 1241 1609 ma-

73 1653 195 1718 luisse
219 1673 255 1716 se
279 1651 371 1718 latres
393 1651 620 1716 vetustissimos
639 1652 989 1734 praestantissimosqoe
1015 1673 1036 1716 o
1059 1651 1098 1717 G.
1117 1653 1242 1718 Focrno

75 1765 109 1825 et
146 1758 194 1823 R
221 1757 365 1823 Bentleio
392 1776 530 1823 morasus
557 1776 653 1838 quom
682 1758 838 1822 (lectorum
867 1757 1027 1822 tortitiam
1056 1760 1243 1825 mulcet-strae

76 1866 179 1949 sequi
213 1864 319 1929 editor
348 1866 489 1929 testatus
522 1865 585 1946 est,
616 1865 726 1927 temen
758 1863 814 1946 qui
842 1864 1017 1948 qualesque
1045 1864 1094 1927 illi
1120 1867 1243 1949 essent,

79 1970 260 2059 quomodo
281 1971 369 2036 inter
391 1990 426 2034 sc
449 1968 629 2053 differrent,
653 1991 716 2054 quo
740 1973 931 2054 argumento
955 1971 994 2034 de
1018 1992 1128 2035 eorum
1150 1993 1242 2056 prac-

79 2078 223 2145 stantia
245 2079 418 2161 constaret,
440 2098 504 2161 qua
526 2075 589 2139 fide
608 2075 793 2140 viderentur
811 2076 923 2141 collati
942 2097 1021 2160 esse,
1043 2076 1124 2143 haec
1142 2078 1243 2163 igitur

80 2186 207 2252 omnia
229 2205 382 2270 quaerere
404 2181 484 2247 adeo
509 2176 629 2266 omisit,
651 2186 750 2246 utne
774 2205 837 2248 uno
861 2183 990 2266 quidem
1013 2183 1171 2249 versiculo
1195 2189 1242 2250 at·

81 2291 217 2378 tigerit
254 2290 303 2355 Ac
324 2289 467 2373 pertinet
488 2287 560 2371 hoc,
583 2289 669 2374 quod
691 2310 776 2353 nnnc
799 2289 915 2354 dicturi
940 2313 1060 2375 sumus,
1083 2290 1242 2356 etiamad

85 2400 189 2465 alios.
222 2394 336 2481 Neque
359 2395 445 2461 enim
469 2394 549 2459 satis
572 2416 744 2479 possumus
768 2396 889 2480 mirari,
912 2419 984 2461 cum
1008 2401 1059 2462 tot
1077 2398 1243 2481 tantisque

84 2505 250 2573 laudibus
274 2525 347 2568 cum
366 2501 503 2566 aliorum
520 2500 635 2566 Faerni
660 2501 805 2566 codicum
829 2506 899 2566 tum
923 2504 1067 2568 omnium
1090 2503 1242 2567 vetustis·

86 2612 172 2677 simi
196 2608 348 2674 Bembiui
371 2607 562 2672 excellentia
581 2607 679 2692 longo
699 2630 737 2672 ex
755 2612 901 2692 tempore
922 2609 1082 2691 efferatur,
1105 2613 1141 2672 ut
1159 2631 1242 2673 nunc

85 2720 163 2783 fere
182 2716 348 2781 tralaticia
365 2715 418 2798 sit,
442 2720 551 2779 tamen
571 2735 628 2797 per
646 2713 711 2778 tria
733 2714 832 2778 ferme
857 2715 985 2778 saecula
1007 2713 1167 2779 nemiuem
1191 2736 1242 2778 ex-

88 2822 238 2903 stitisse,
265 2821 320 2905 qui
347 2821 462 2885 iisdem
486 2820 581 2914 libris
604 2824 679 2903 post
701 2819 817 2884 Faerni
841 2843 934 2885 curas
959 2821 1061 2885 denuo
1086 2821 1242 2903 inspectis

88 2932 179 2993 bene
208 2927 247 2991 de
274 2927 326 2990 his
354 2926 471 2992 litteris
500 2925 668 2990 meruerit:
699 2947 758 2990 nec
782 2926 872 2990 enim·
891 2926 943 2990 vel
967 2925 1004 2991 G.
1028 2926 1168 2990 Fabricii
1192 2928 1242 2991 vel

88 3032 287 3119 Cocqnelini
316 3029 359 3117 (a.
383 3031 482 3118 1767)
511 3053 549 3095 eo
578 3031 612 3095 in
635 3050 751 3114 genere
776 3053 874 3113 opera
897 3033 1126 3097 memorabilis.
1173 3033 1242 3108 Quo

89 3139 232 3224 negotio
259 3138 356 3203 facile
384 3139 584 3204 intellectum
613 3141 711 3220 esset,
745 3137 829 3220 quod
859 3138 909 3201 vel
938 3139 1077 3203 divinari
1100 3139 1140 3202 ul]
1165 3161 1242 3202 nuo-

87 3266 225 3333 quuqne
248 3246 386 3326 poterat,
407 3265 473 3308 non
492 3243 587 3307 aliter
605 3242 639 3305 in
657 3241 858 3306 conferendis
877 3243 970 3308 libris
989 3268 1065 3311 mss.
1083 3244 1243 3310 Faernum

88 3358 194 3437 atque
229 3350 379 3434 aequales
411 3346 598 3434 philologos
631 3353 763 3414 cunctos
792 3353 955 3414 versatum
984 3374 1068 3435 esse,
1100 3353 1161 3416 hoc
1193 3356 1243 3415 cst

86 3456 313 3541 discrepantis
341 3457 520 3540 scripturae
548 3455 674 3539 largam
699 3478 833 3540 eamque
856 3457 961 3520 bonae
983 3458 1088 3541 frugis
1112 3459 1242 3541 plenam

83 3564 236 3653 posteris
269 3583 405 3626 messem
434 3562 610 3646 reliquisse.
657 3562 704 3627 Ac
735 3568 960 3648 praeterquam
991 3566 1074 3649 quod
1105 3587 1142 3626 ex
1171 3565 1242 3646 ipso

86 3671 259 3740 Bembina
282 3670 475 3753 praeclarae,
499 3691 580 3753 quae
600 3669 703 3734 adhuc
722 3670 896 3753 latuerunt,
920 3671 1158 3735 emendationes
1176 3671 1242 3752 peti

82 3781 247 3867 possunt,
271 3796 288 3838 e
312 3775 382 3840 sola
404 3764 646 3859 comparatione
665 3776 794 3859 penitus
815 3777 940 3840 excussi
956 3776 1104 3840 Bembiui
1124 3777 1242 3865 certius

78 3888 203 3974 potest
226 3881 269 3944 dc
292 3880 489 3964 reliquorum
514 3882 660 3945 codicum
680 3882 787 3946 indole
806 3883 960 3947 iudicium
979 3882 1116 3965 prodire,
1140 3905 1177 3946 ac
1196 3882 1242 3946 sic

76 3995 240 4072 demum,
274 4008 357 4071 quae
389 3986 433 4050 sit
461 3987 606 4051 condicio
634 3987 818 4052 fabularum
847 3988 1130 4071 'l'erentianarum,
1163 4012 1242 4073 quas

75 4098 268 4167 videantur
290 4093 531 4158 vicissitudines
556 4098 706 4177 expertae
731 4116 808 4177 esse,
832 4116 895 4177 qua
919 4094 962 4157 sit
985 4094 1038 4157 via
1061 4117 1097 4158 ac
1116 4096 1241 4159 ratione

75 4208 120 4274 inl
148 4222 274 4269 earnm
299 4199 558 4264 emendationem
583 4200 806 4284 accedendum,
830 4201 995 4284 aliquanto
1019 4205 1051 4264 et
1069 4202 1187 4265 rectius
1211 4207 1244 4266 et

76 4310 243 4400 plenius,
269 4328 368 4391 quam
396 4304 500 4370 adhuc
521 4305 643 4370 factum
667 4311 729 4387 est,
753 4306 888 4370 definiri.
919 4307 963 4370 Et
986 4307 1092 4370 medio
1116 4309 1244 4391 quidem

73 4441 168 4488 aevo
200 4434 281 4480 cnm
308 4412 405 4496 pauci
433 4412 605 4495 scriptores
628 4413 722 4478 latini
747 4413 876 4485 saeuius
899 4435 996 4498 qnam
1018 4413 1188 4505 Terentius
1212 4420 1245 4481 et
