2924 5046
405 326 648 385 Qvarsrrosss
673 327 1009 375 osousronooroas.
1214 315 1278 378 343

125 461 161 524 ln
199 467 300 532 Plauti
323 467 540 550 Truculento',
568 468 602 531 id
630 490 742 533 vereor
764 492 805 533 ne
828 474 940 533 contra
964 470 1148 536 schabest.
1193 472 1278 536 Nam

118 570 208 635 nisi
235 573 367 638 multum
396 573 552 655 fallimur,
584 575 689 657 ipsam
712 574 896 639 Plautinam
919 600 1091 659 personam
1114 580 1147 641 in
1172 583 1278 643 mente

112 672 254 745 habuit
279 679 390 746 Cicero
425 680 623 764 eandemque
651 681 762 747 Attico
795 704 853 746 suo
885 704 1037 748 revocare
1070 685 1104 748 in
1137 690 1277 748 mentem

107 783 251 869 voluit,
271 792 437 871 tamquam
457 787 532 852 vivo
551 792 584 850 et
603 788 767 853 tralaticio
788 789 933 872 exemplo
954 814 1029 854 usus
1049 792 1116 854 sive
1135 792 1277 857 hominis

98 890 306 959 truculenti
330 894 530 978 simpliciter,
553 895 620 959 sive
643 896 711 958 eius
736 896 790 978 qui
814 918 830 958 e
854 896 1036 961 truculento
1060 903 1092 961 et
1114 899 1219 961 feroce
1243 899 1277 960 in

86 992 294 1072 placidum
323 1006 419 1083 atque
448 999 651 1063 commodum
679 1002 822 1063 mutatus
846 1004 942 1063 esset:
971 1022 1041 1064 eam
1066 1002 1152 1064 enim
1176 1024 1276 1066 recor-

82 1096 272 1170 dandum
296 1111 348 1170 est
365 1105 586 1169 condicionem
607 1127 675 1169 esse
695 1106 812 1169 servoli
832 1105 981 1169 Plautini.
1018 1107 1063 1170 Et
1080 1108 1185 1190 ipsam
1205 1130 1276 1172 cum

76 1199 294 1277 Pseudulo
324 1212 553 1276 Truculeutum
584 1212 618 1274 in
650 1211 774 1275 deliciis
806 1212 867 1275 sibi
896 1212 1042 1274 habitam
1070 1195 1140 1294 ipse
1164 1214 1276 1277 Cicero

71 1305 136 1373 in
185 1318 312 1384 (latone
345 1319 466 1383 maiore
499 1323 640 1382 testatus
668 1322 726 1381 est.
772 1317 860 1381 Haec
888 1318 990 1400 igitur
1018 1319 1045 1381 si
1073 1340 1134 1381 non
1166 1327 1277 1382 carent

67 1425 376 1506 probabilitate,
403 1447 469 1489 non
492 1445 609 1509 graeca
631 1446 707 1506 vox,
735 1424 789 1486 sed
814 1423 951 1488 latinum
976 1424 1197 1506 Stratyllax
1222 1448 1275 1489 no-

68 1538 212 1594 men
233 1533 313 1595 latet
336 1531 385 1594 vel
410 1529 520 1614 potius
543 1529 610 1591 iam
633 1551 699 1591 non
721 1528 801 1592 latet
824 1530 857 1591 in
877 1528 1010 1593 Medicei
1035 1530 1153 1593 codicis
1177 1532 1275 1613 scrip-

60 1627 212 1699 tura
237 1637 406 1712 spalmus,
439 1657 521 1719 quae
548 1635 583 1698 in
612 1635 758 1715 eandem,
791 1658 887 1717 (luam
916 1635 1022 1698 Plauti
1050 1635 1148 1698 Vetus
1177 1637 1274 1700 codex

60 1736 276 1826 exhibet,
307 1743 454 1807 stractus
481 1742 619 1806 formam
650 1741 782 1805 transiit
810 1742 842 1804 iu
873 1741 1015 1823 principe
1042 1743 1188 1824 exemplo
1212 1741 1273 1806 llo·

59 1852 238 1913 mano.
283 1847 368 1913 Nam
393 1846 596 1912 aCiccrouis
621 1847 748 1931 quidem
774 1847 822 1909 vcl
848 1851 955 1910 aetate
981 1847 1027 1908 vel
1052 1869 1112 1910 usu
1135 1870 1200 1911 uon
1224 1853 1275 1912 est

57 1958 185 2014 ‘3¹11-
213 1977 232 2038 y
252 1956 398 2019 litteram
421 1977 493 2018 cum
517 1955 626 2037 aliqua
648 1954 839 2017 necessitate
863 1954 1081 2017 abiudicemns
1106 1954 1139 2015 in
1163 1975 1199 2016 co
1219 1976 1274 2017 uo·

61 2053 328 2144 111inequod
353 2082 429 2123 sane
454 2059 603 2123 Plautum
631 2058 725 2122 aliter
750 2063 845 2141 aterne
867 2057 1082 2122 Stratullax
1109 2060 1275 2142 scripsisse

59 2165 315 2247 negandum
339 2171 397 2230 est

222 2289 249 2353 3.
285 2287 422 2352 Possum
451 2288 517 2352 alia
544 2286 659 2352 addere
684 2290 733 2352 vcl
758 2288 910 2372 ambigua
934 2289 983 2353 vel
1007 2273 1158 2371 obseura,
1187 2290 1274 2353 velut

60 2393 218 2458 quod
243 2396 276 2459 in
305 2393 418 2458 eadem
445 2393 557 2458 fabula
580 2395 794 2459 adulescentis
819 2418 950 2477 nomen,
979 2397 1063 2479 quod
1088 2398 1185 2479 vulgo
1213 2396 1272 2458 Dl-

59 2470 338 2587 &ARGHVS
367 2500 533 2584 scribitur,
563 2505 596 2564 et
622 2502 746 2564 numeri
776 2504 1038 2566 constantissime
1062 2507 1219 2585 respuunt
1241 2506 1274 2566 et

57 2596 274 2689 {DS-(rrum
303 2605 382 2670 fides
412 2605 566 2669 librorum
598 2610 690 2670 extra
713 2609 964 2670 controversiam
989 2610 1081 2690 ponit
1105 2607 1272 2671 lllNlAll-

56 2681 244 2776 UHVS
267 2713 376 2796 potius
400 2711 606 2775 scribendum
629 2734 698 2775 esse
719 2719 841 2795 septem
863 2713 991 2796 <pridem
1011 2715 1165 2797 exemplis
1185 2714 1272 2777 hisco

55 2782 110 2872 Ι»
164 2817 359 2902 zoam.
385 2818 457 2881 104.
482 2817 576 2899 nr,
600 2817 628 2881 5.
655 2818 758 2899 aes.
785 2817 838 2899 iv,
862 2821 891 2899 a,
915 2820 966 2882 51.
990 2820 1019 2901 r,
1043 2820 1077 2883 r:

157 2959 262 3036 Quae
286 2962 319 3024 in
343 2963 401 3024 nos
425 2959 572 3041 illosque,
596 2980 634 3021 ea
657 2959 766 3022 omnia
791 2960 849 3022 tibi
874 2959 962 3040 (licis,
987 2958 1169 3023 llinir'uehe.

159 3060 342 3150 Peperisse
362 3088 433 3130 eam
454 3065 571 3128 audiui.
605 3047 746 3127 Obsecro
767 3069 847 3145 tace,
869 3064 1048 3128 lliniarclic.
1083 3065 1163 3139 osu]
1185 3068 1271 3128 iam?

154 3165 258 3236 Nam
283 3177 318 3236 tu
343 3171 471 3254 quidem
496 3170 609 3252 edepol
633 3173 743 3232 ndstcr
767 3195 799 3232 es
825 3171 923 3233 ctizim
947 3193 1041 3254 nune,
1067 3173 1249 3235 lliniairclre.

153 3272 247 3343 Non
271 3280 328 3343 des
351 3279 482 3360 airricus,
505 3275 689 3359 Diniarche,
712 3279 848 3340 saluium.

156 3378 234 3448 Ille
263 3387 393 3467 amabo,
424 3384 478 3448 ubi
509 3382 742 3464 Diniarclpist‘?
781 3384 884 3446 latmi.
938 3384 1010 3467 llic,
1040 3409 1122 3467 <prae
1153 3387 1191 3449 ad
1223 3409 1272 3450 me

981 3490 1113 3572 miserit,

163 3581 225 3659 (lb
249 3621 287 3660 ea
311 3596 395 3660 dona
418 3598 469 3659 me
491 3596 582 3659 illum
601 3618 709 3659 aurare
728 3597 872 3658 omnium
892 3595 1057 3660 hominum
1080 3598 1272 3678 plurumum.

163 3698 277 3766 Ilicin'
302 3726 342 3765 an
367 3702 452 3766 non?
478 3699 697 3783 Diniarchust,
720 3701 799 3783 quoi
820 3703 908 3765 illam
932 3704 1022 3785 prius
1046 3704 1271 3784 dcspiurderas

164 3803 224 3870 Es
247 3808 331 3872 dixit
353 3830 426 3871 eum
451 3806 618 3871 Diniarchi
642 3811 778 3890 priorum
803 3810 968 3872 inuentum
994 3809 1111 3872 lilium.

56 3913 177 4003 DQ
210 3972 271 4032 qus
297 3950 416 4030 forma,
446 3949 537 4012 cuius
565 3971 679 4030 parum
708 3972 784 4012 sano
809 3951 958 4032 expedita
982 3952 1079 4032 ratio,
1111 3952 1176 4013 ulio
1201 3952 1270 4015 loco

68 4028 236 4197 Quam
263 4054 340 4138 quid
368 4054 412 4117 sit
439 4054 645 4119 statuendum
674 4054 744 4118 κατ’
768 4058 846 4133 ἐμὴν
871 4058 971 4131 ἰδέαν,
1005 4063 1040 4119 ut
1064 4058 1177 4139 lorprur
1200 4081 1271 4121 oum

141 4160 262 4224 rasio.

222 4285 249 4346 4.
285 4284 336 4347 Ad
367 4288 454 4348 certa
477 4288 573 4367 atque
597 4285 694 4367 plana
717 4289 755 4348 ut
777 4292 952 4366 transcurri,
982 4287 1119 4366 primum
1144 4285 1198 4347 diu
1222 4291 1272 4349 cst

99 4386 209 4452 “Um
233 4391 378 4455 intellexi
406 4413 515 4454 verum
548 4413 665 4454 nomen
689 4391 849 4454 Theodori
877 4391 1006 4473 Bergkii
1031 4392 1176 4455 acurniuc
1201 4392 1270 4456 Mo-
