2924 5046
721 1245 794 1327 IV.

584 1416 707 1499 durae
735 1415 927 1499 secundae

239 1602 282 1643 zu
306 1578 400 1643 Heft
422 1578 437 1643 l
460 1579 525 1642 der
548 1577 695 1664 ‘Neuen
720 1578 1017 1645 Plautinisohen
1042 1580 1279 1668 Excurse’.*)

133 1872 173 1911 ess
276 1845 357 1909 Was
381 1844 450 1908 sich
470 1843 542 1908 dem
557 1842 729 1909 Verissser
751 1844 839 1908 einer
853 1845 1079 1912 Druekeohrift
1102 1849 1330 1916 untersuchen·

186 1952 247 2017 den
271 1950 467 2016 Charakters
495 1953 603 2014 zueret
631 1950 869 2036 aufzudrsngcn
896 1953 1011 2038 pflegt‚
1044 1954 1093 2018 oft
1122 1956 1223 2021 echon
1247 1957 1329 2023 nach

186 2057 343 2142 Woohen,
366 2055 483 2122 immer
506 2056 588 2120 nach
612 2055 776 2139 Monaten,
799 2056 856 2132 das
879 2054 964 2123 lii'uft
986 2059 1084 2125 meist
1107 2062 1166 2126 auf
1182 2061 1329 2128 Vervoll·

185 2164 399 2250 stiindigung,
428 2161 657 2247 Bestitigung‚
684 2162 912 2248 Erweiterung
934 2165 991 2229 des
1015 2164 1181 2252 Gesagten
1203 2168 1331 2235 hinaus.

186 2270 226 2336 In
249 2271 353 2336 einem
377 2273 510 2353 sphtarn
534 2266 683 2333 Stadium
707 2273 823 2352 treten,
847 2272 1053 2355 gewhhnlich
1077 2274 1178 2341 durch
1202 2275 1330 2343 Wider·

187 2377 305 2460 spruoh
342 2376 457 2441 anders
494 2374 711 2439 urtheilender
745 2375 1015 2464 hervorgemfen,
1052 2381 1331 2469 Berichtigungen

187 2483 264 2549 oder
297 2484 375 2548 eber
407 2480 718 2566 Rechtfertigungen
750 2482 856 2548 hinnu.
910 2482 963 2550 Sci
995 2507 1029 2550 es
1062 2488 1125 2552 mir
1162 2495 1332 2578 geststtet

185 2591 256 2656 hier
278 2589 435 2655 zundchst
457 2591 552 2652 unter
573 2588 647 2653 dem
671 2592 778 2653 ersten
802 2587 1075 2675 Gesiohtspunkte
1098 2594 1204 2681 einige
1223 2596 1332 2664 Nach-

184 2699 278 2781 triige
307 2719 345 2761 an
373 2697 486 2780 geben.
532 2692 587 2758 Ich
612 2693 715 2759 denke
738 2694 945 2781 denjenigen,
978 2698 1029 2763 die
1054 2699 1122 2763 sich
1146 2701 1333 2791 uberhaupt

186 2804 238 2868 filr
260 2803 348 2868 disse
371 2801 498 2886 Fragen
522 2800 744 2885 interessiren,
776 2801 856 2866 wird
880 2824 914 2867 es
938 2826 991 2868 am
1014 2804 1228 2890 hequemsten
1252 2812 1333 2898 sein,

186 2932 280 2975 wenn
312 2909 364 2974 ieh
393 2908 520 2972 einfach
550 2906 600 2971 die
628 2906 840 2992 Reihenfolge
873 2907 929 2974 der
956 2910 990 2973 in
1015 2911 1071 2976 der
1099 2914 1332 2984 Druckechritl

187 3016 289 3081 selbst
312 3014 527 3080 behandelten
551 3012 777 3097 Gegenatinde
800 3014 963 3080 festhelte.

275 3122 313 3185 G.
336 3121 565 3186 Hermann's
588 3119 786 3204 Abncigung
809 3141 913 3206 gegen
937 3123 994 3188 das
1018 3125 1229 3194 ausleutende
1251 3131 1331 3196 din

185 3230 254 3295 luced
276 3229 332 3307 tod,
355 3227 406 3292 die
430 3226 482 3291 ich
505 3250 535 3311 p.
560 3227 579 3291 8
602 3225 794 3304 hervorhob‚
817 3227 937 3293 konnte
960 3231 1043 3295 noch
1067 3232 1332 3303 ausdrueklieher

186 3337 297 3421 belegt
320 3334 447 3399 werden
470 3333 570 3398 durch
594 3333 681 3397 seine
705 3332 841 3417 eigenen
855 3334 970 3401 Worte
994 3339 1028 3402 in
1051 3339 1107 3403 der
1122 3340 1267 3408 Vorrede
1292 3368 1331 3429 au

186 3445 248 3508 den
266 3440 444 3507 Bacchides
468 3438 600 3524 p.V1f.:
625 3438 714 3522 ‘Ego
738 3439 867 3523 quidem
890 3441 924 3506 id
948 3443 1009 3528 egi,
1032 3448 1069 3510 ut
1091 3447 1190 3513 verba
1213 3454 1335 3534 poetae

186 3551 233 3615 ite
256 3549 450 3628 exhiberem,
473 3544 743 3630 quemadmodum
767 3546 808 3610 ab
832 3569 870 3611 eo
893 3549 944 3612 vel
964 3551 1087 3635 scripta
1111 3576 1182 3620 esse
1201 3557 1253 3621 vel
1272 3579 1330 3641 po

185 3657 286 3722 tuisse
311 3653 408 3719 scribi
431 3651 636 3717 videbantur:
660 3673 743 3734 quae
767 3653 795 3716 si
819 3653 880 3717 tibi
904 3659 938 3719 et
959 3658 1071 3739 paucis
1094 3659 1170 3744 illis,
1192 3662 1248 3746 qui
1272 3663 1330 3729 he·

185 3784 257 3828 rum
287 3783 393 3825 rerum
423 3759 564 3843 aliquem
588 3779 717 3821 sensum
741 3757 876 3842 habent,
903 3783 970 3826 non
998 3763 1237 3853 displicuerint,
1263 3792 1329 3837 non

185 3891 338 3955 quaeram
371 3864 447 3952 quid
478 3864 527 3928 illi
560 3864 716 3946 sentiant,
753 3864 808 3949 qui
842 3871 898 3930 aut
930 3867 1101 3936 devoratas
1134 3874 1206 3938 cum
1239 3875 1327 3943 omni

186 3975 349 4063 squallore
368 3995 475 4038 sacras
495 3971 700 4055 membranas
720 3975 776 4034 aut
794 3993 948 4055 procusos
969 3976 1010 4040 ab
1032 4000 1103 4043 sese
1117 3980 1327 4069 confragosos

184 4103 337 4147 numeros
374 4079 759 4162 omnipotentemque
795 4079 818 4141 d
852 4079 1027 4147 litteram
1066 4085 1136 4150 sine
1167 4087 1325 4157 emuna·

185 4185 415 4272 concoquunt'.
439 4223 480 4232 -

256 4381 281 4448 ⁴¹)
301 4378 412 4451 [iiheiu.
431 4377 560 4433 Moesum
578 4376 597 4431 f.
616 4373 690 4429 Phil.
710 4373 801 4430 xxlv
819 4378 911 4448 (188⁹)
928 4398 956 4453 p,
975 4384 1140 4441 482an
