2924 5046
481 361 557 409 slva
582 364 829 410 nsnuousuvn
854 365 957 412 mam.
1226 351 1290 414 549

141 500 322 566 undecimo.
366 500 461 568 Nunc
492 509 599 568 autem
634 507 688 589 qui
721 507 810 571 volet
841 530 900 590 pro
930 530 963 571 se
996 509 1065 592 ipse
1098 509 1291 594 experiatur,

141 630 219 672 num
240 631 336 693 quam
356 610 557 694 probabilem
577 615 738 678 rationem
758 615 1021 679 comminiscetur
1044 638 1107 699 qua
1127 621 1158 680 et
1178 621 1289 699 poetas

141 717 283 781 secundo
312 717 474 801 tertioque
501 719 600 797 libro,
628 725 660 783 et
680 696 810 784 xdecimo
833 722 1065 806 undecimoque
1095 722 1289 787 architectos

141 821 278 905 tribuat,
302 845 362 887 nee
384 827 495 887 tamen
519 825 551 888 in
571 827 703 909 reliquis
728 809 898 911 generibus
919 829 1029 912 aliquo
1049 830 1143 907 modo
1168 829 1287 912 disper-

140 927 263 992 tiendis
297 934 355 994 aut
387 932 525 994 maxime
559 936 698 1016 cognata
735 933 868 998 dirimat
900 939 955 999 aut
988 933 1118 1016 copulet
1149 934 1288 999 maxime

141 1034 294 1117 disparia.
328 1034 428 1100 Velut
447 1037 519 1131 quis
543 1030 665 1102 serata
688 1040 868 1104 civitatium
890 1040 1162 1124 gubernatoribus
1182 1040 1286 1123 dispa-

141 1145 231 1205 ratos
264 1144 342 1207 belli
375 1143 470 1208 duces
503 1144 702 1228 interpositis
736 1147 938 1210 artificibus?
970 1146 1022 1208 vel
1055 1168 1074 1209 a
1106 1145 1222 1210 litteris
1256 1150 1288 1209 et

141 1247 324 1333 disciplinis
346 1251 429 1314 miro
453 1251 624 1316 intervallo
649 1254 810 1318 seiunctas
838 1253 946 1316 artes?
978 1252 1026 1315 vel
1055 1252 1199 1335 privatae
1223 1254 1287 1316 vir:

141 1355 202 1418 tuti
226 1357 445 1441 postpositam
469 1357 597 1422 laudem
621 1359 805 1442 publicam?
830 1360 879 1422 vel
901 1359 1046 1424 miscella
1065 1360 1284 1441 exemplorum

141 1462 299 1525 varietate
328 1463 508 1547 intercepta
536 1464 631 1528 unius
663 1466 883 1549 praestantiae
916 1464 1020 1529 solida
1050 1465 1158 1548 capita
1189 1468 1285 1549 atque

140 1567 346 1651 aequabilia?
378 1569 502 1634 Horum
523 1577 631 1635 autem
656 1578 689 1635 et
707 1572 863 1635 similium
887 1571 1163 1635 incommodorum
1186 1573 1284 1636 nullis

140 1674 298 1738 machinis
327 1674 447 1740 efficies
476 1678 552 1761 quin
581 1678 690 1761 aliquo
718 1677 846 1742 laboret
877 1698 1110 1761 quemcumque
1139 1678 1285 1743 ordinem

139 1779 250 1843 inieris
279 1785 440 1845 certarum
469 1782 622 1847 classium
654 1783 702 1846 ita
731 1782 1029 1846 constituendarum
1063 1787 1099 1846 ut
1128 1806 1147 1847 a
1179 1784 1284 1866 poetis

140 1885 195 1949 liat
218 1885 358 1951 initium.
394 1887 571 1953 Possumus
596 1889 657 1954 hoc
676 1889 867 1973 singillatim
892 1889 1042 1972 persequi
1062 1894 1095 1951 et
1118 1893 1153 1952 ut
1173 1890 1283 1973 opina·

140 2014 211 2055 mur
235 1991 275 2055 ad
299 1995 541 2076 persuasionem
570 2017 704 2078 prorsus
728 1996 889 2079 apposite:
917 1995 981 2058 nisi
1005 1995 1134 2058 molesti
1158 2017 1227 2058 esse
1250 1996 1284 2059 in

140 2119 175 2161 eo
199 2119 317 2183 genere
340 2101 497 2184 nolimus,
521 2102 606 2185 quod
630 2101 725 2165 facile
745 2103 962 2185 unusquisque
983 2105 1097 2184 suapte
1121 2102 1283 2185 experien-

138 2202 182 2266 tia
206 2204 386 2270 emetiatur.

136 2342 141 2352 ·
227 2309 440 2386 Quantumvis
473 2316 580 2377 autem
614 2312 788 2376 verendum
821 2311 864 2375 sit
888 2328 937 2376 'ne
970 2313 1051 2376 scire
1084 2314 1166 2377 velle
1201 2336 1283 2398 quae

138 2416 212 2481 sciri
232 2424 393 2502 nequeant
413 2420 606 2504 quibusdam
627 2419 791 2483 videamur
811 2423 843 2482 et
862 2418 1001 2482 aeternis
1020 2418 1162 2482 tenebris
1178 2420 1281 2483 occul-

136 2526 207 2586 tata
236 2524 428 2589 mortalibus
462 2526 603 2608 superba
634 2525 818 2589 temeritate
848 2525 928 2589 velle
961 2525 1138 2605 recludere,
1171 2529 1281 2589 tamen
1322 2542 1325 2547 '

137 2628 196 2694 hoc
222 2631 353 2694 minime
377 2653 437 2695 nos
461 2634 570 2695 movet
592 2632 764 2715 quominus
786 2634 874 2694 certa
898 2635 1004 2693 certae
1024 2630 1280 2695 ratiocinationis

138 2735 188 2799 via
215 2717 259 2798 ad
287 2757 396 2800 veram
428 2738 566 2820 speciem
597 2738 819 2821 dispositionis
849 2735 1071 2800 Varronianae
1100 2741 1151 2798 sat
1181 2759 1280 2819 prope

136 2862 232 2923 posse
260 2843 368 2906 accedi
396 2843 627 2908 existimemus.
664 2844 748 2909 Nam
779 2867 850 2907 cum
876 2865 971 2926 saepe
997 2841 1121 2905 accidat
1148 2848 1196 2924 ut,
1224 2843 1280 2906 ubi

136 2949 398 3012 testimoniorum
431 2949 463 3012 vi
496 2950 724 3034 destituamur,
762 2952 831 3014 sola
868 2972 924 3033 per
957 2972 989 3012 se
1023 2969 1101 3011 sana
1133 2947 1216 3011 ratio
1250 2953 1282 3010 et

136 3054 238 3138 ipsius
258 3055 305 3118 rei
325 3056 484 3121 evidentia
503 3059 555 3122 vel
574 3058 708 3121 suadeat
726 3058 777 3121 vel
797 3057 907 3121 iubeat
930 3055 1005 3140 quid
1026 3055 1069 3118 sit
1088 3054 1281 3137 amplecten-

136 3161 225 3243 dum,
253 3164 323 3224 tum
351 3161 431 3226 baec
460 3162 606 3245 proiecto
631 3184 745 3226 caussa
773 3163 817 3226 ita
842 3166 1031 3245 comparata
1055 3166 1104 3224 est
1132 3164 1180 3241 ut,
1209 3182 1279 3223 cum

134 3268 240 3351 prima
264 3268 369 3351 specie
392 3268 488 3352 longe
512 3269 671 3351 plurimae
696 3267 898 3331 coniectandi
924 3268 992 3331 viae
1016 3272 1127 3350 patere
1150 3266 1280 3330 videan-

133 3378 199 3456 tur,
223 3380 334 3437 tameu
358 3374 529 3458 diligenter
552 3374 718 3457 perpensis
743 3375 880 3459 singulis
901 3397 965 3438 una
985 3373 1057 3437 sola
1079 3374 1279 3457 relinquatur

133 3481 236 3545 libera
264 3502 284 3543 a
312 3480 570 3545 dubitationibus
601 3480 760 3545 omnibus.
799 3479 875 3545 Sola
902 3481 1100 3545 divinatione
1124 3479 1278 3543 utendum

133 3591 218 3651 esset
246 3608 347 3671 eaque
379 3587 502 3669 inutili,
535 3588 562 3651 si
596 3589 634 3652 de
664 3588 782 3672 viginti
812 3587 972 3670 capitibus
1006 3587 1150 3668 quaestio
1186 3588 1279 3666 esset,

132 3692 249 3776 quibus
278 3692 404 3775 generis
438 3691 571 3756 humani
604 3692 730 3756 laudem
760 3714 887 3755 omnem
915 3690 1019 3754 Varro
1053 3691 1278 3754 conclusisset:

132 3804 245 3865 contra
273 3797 560 3862 demonstrationis
588 3799 802 3882 probabilitas
831 3799 863 3860 in
895 3801 1047 3880 promptu
1071 3801 1133 3881 est,
1162 3796 1215 3859 ubi
1245 3796 1277 3858 id

133 3907 240 3991 agitur
264 3907 387 3968 utnon
417 3904 526 3988 plures
555 3928 651 3988 quam
676 3909 799 3988 septem
822 3905 942 3967 classes
971 3901 1162 3986 principales
1190 3901 1277 3965 inda-

134 4016 249 4098 gentur
281 4003 384 4075 totius
416 4010 575 4075 humanae
609 4011 816 4075 excellentiae
849 4031 992 4092 capaces.
1038 4009 1149 4093 Neque
1183 4008 1277 4093 enim,

135 4119 283 4202 quamdiu
312 4139 374 4181 una
401 4116 576 4200 eademque
605 4121 655 4180 est
679 4121 796 4179 natura
823 4115 1006 4197 hominum,
1035 4114 1142 4178 reium
1166 4114 1276 4178 huma·

136 4247 246 4289 narum
277 4224 327 4286 vel
354 4243 412 4306 per
440 4223 609 4286 decursum
637 4223 838 4311 saeculorum
867 4224 960 4284 tanta
988 4221 1125 4284 mutatio
1158 4221 1208 4301 tit,
1240 4224 1277 4284 ut

137 4350 196 4395 non
219 4352 346 4395 summa
370 4330 479 4412 capita
502 4333 655 4392 maneant
684 4329 804 4392 eadem.
842 4327 930 4403 Quae
959 4329 1065 4388 autem
1094 4326 1145 4388 vcl
1174 4328 1277 4390 muta·

142 4434 215 4500 bilia
238 4439 313 4500 sunt
336 4436 386 4499 vel
410 4435 644 4500 dissensionem
668 4434 830 4500 iudicandi
851 4433 1038 4508 admittunt,
1062 4432 1101 4512 si,
1126 4430 1236 4514 qualia
1260 4453 1276 4496 e
