2888 5040
304 310 334 398 i).
358 351 506 399 svnuoiu
529 350 750 412 caenomani
775 351 856 397 viui
880 348 1043 397 anasum.
1178 331 1245 397 205

89 491 215 554 missus
239 495 301 556 est
329 491 459 579 quidam
483 497 616 578 captum
639 515 710 559 esse
733 494 932 561 existimant:
956 492 1042 576 quod
1064 490 1134 556 fieri
1152 490 1244 555 nullo

90 597 190 662 modo
223 599 373 682 potuisse
404 598 588 666 Fenestella
621 600 728 684 docet,
764 622 837 664 cum
869 599 955 665 inter
986 599 1083 663 finem
1116 596 1245 662 secundi

83 693 211 767 Punici
233 704 315 769 belli
339 709 371 771 et
392 705 523 771 initium
546 707 637 772 tertii
660 711 694 772 et
716 710 813 771 natus
838 706 882 770 sit
905 709 938 769 et
956 708 1110 769 mortuus.
1139 725 1198 768 uec
1217 703 1245 766 si

89 831 112 872 a
134 807 293 875 Numidis
321 815 378 877 aut
400 811 549 879 Gaetulis
577 817 691 898 captus
720 813 776 896 sit,
807 811 849 877 ad
872 812 1038 877 dominum
1061 810 1246 875 Romanum

61 918 268 1000 ⁵peruenire
297 919 458 1002 potuisse,
484 918 575 985 nullo
605 918 798 984 commercio
825 918 913 982 inter
934 916 1067 983 Italicos
1090 921 1124 982 et
1145 915 1244 980 Afros
1259 932 1284 971 a

88 1023 156 1088 nisi
182 1026 261 1106 post
283 1023 423 1090 deletam
437 1024 676 1110 Karthaginem
700 1027 825 1108 coepto.
857 1022 911 1087 hic
929 1045 1002 1088 cum
1021 1022 1133 1086 multis
1151 1021 1245 1086 nobi-

90 1128 183 1192 libus
213 1128 423 1195 familiariter
448 1131 544 1215 nixit,
573 1130 629 1195 sed
653 1130 793 1195 maxime
816 1151 889 1194 cum
914 1127 1066 1212 Scipione
1089 1128 1247 1193 Africano

89 1239 125 1296 et
148 1231 187 1298 C.
211 1234 335 1320 Laelio,
358 1237 475 1320 quibus
498 1237 599 1303 etiam
623 1236 766 1322 corporis
791 1235 900 1320 gratia
923 1233 1113 1298 conciliatus
1136 1234 1246 1298 existi-

87 1344 212 1404 matur.
236 1343 324 1426 quod
346 1346 380 1407 et
401 1343 507 1427 ipsum
531 1343 717 1408 Fenestella
740 1342 862 1427 arguit,
890 1340 1085 1405 contendens
1110 1344 1245 1426 utroque

46 1463 72 1502 ιο
86 1448 254 1512 maiorem
289 1453 369 1513 natu
405 1449 515 1515 fuisse.
561 1451 710 1535 quamuis
742 1453 775 1513 et
806 1447 916 1532 Nepos
950 1447 1101 1530 aequales
1133 1469 1244 1512 omues

84 1552 194 1617 fuisse
217 1553 332 1618 tradat
349 1559 381 1619 et
398 1555 532 1621 Porcius
551 1557 767 1641 suspitionem
785 1556 824 1620 de
843 1552 1072 1620 consuetudine
1091 1576 1149 1637 per
1165 1553 1245 1618 haec

82 1659 208 1724 iaciat:

128 1782 228 1848 Dum
254 1783 423 1850 lasciuiam
445 1786 604 1851 nobilium
629 1791 662 1852 et
685 1787 797 1852 landes
819 1786 949 1851 fucosae
973 1784 1063 1867 petit,

159 1963 194 2024 ὃς
215 1975 246 2027 p.
266 1963 328 2025 206,
350 1966 373 2013 1.
393 1964 426 2026 83
444 1978 470 2029 p.
490 1965 551 2029 208,
569 1965 586 2014 8
606 1959 731 2016 Donatus
749 1961 779 2014 in
798 1960 918 2030 Adelph.
938 1957 1008 2027 prol.
1029 1963 1075 2010 15:
1096 1956 1245 2011 ‘nomas

160 2139 179 2186 1
201 2135 251 2187 est
267 2149 318 2188 om.
337 2133 395 2188 ΕΖ
464 2134 548 2204 quide
568 2137 596 2190 A
668 2137 727 2191 ullo
745 2136 850 2191 BaGD
921 2141 937 2188 2
957 2135 1081 2205 potuisse
1099 2150 1150 2190 ora
1170 2134 1194 2188 0

72 2224 164 2278 intes·
184 2222 275 2277 finem
293 2225 328 2276 A.
348 2222 378 2277 in
396 2223 450 2278 line
469 2226 549 2278 ceteri
621 2231 637 2278 3
656 2225 725 2279 belli
740 2224 836 2294 punici
851 2224 916 2290 EG,
939 2223 995 2278 Vct.
1015 2223 1084 2278 belli
1098 2222 1131 2275 Z.
1150 2221 1245 2292 punici

71 2310 158 2366 belli
180 2313 269 2367 natus
287 2311 324 2366 sit
341 2311 373 2366 F
436 2311 518 2367 initio
535 2312 601 2367 BF.
620 2316 685 2368 ante
704 2313 817 2368 initium
838 2313 890 2366 ΕΖ
956 2312 1036 2366 tercii
1054 2315 1081 2366 A
1149 2314 1179 2366 et
1196 2327 1244 2366 na-

67 2405 124 2457 tus
153 2399 199 2455 sit
223 2402 256 2454 et
272 2399 452 2457 Ritsebcliua:
480 2405 564 2457 natus
588 2402 625 2457 sit
647 2406 677 2458 et
694 2403 759 2458 Ala.
784 2404 868 2458 natus
886 2405 931 2457 est
948 2405 978 2456 et
995 2402 1074 2469 libri,
1098 2401 1155 2454 nisi
1172 2400 1245 2469 qaod

68 2491 242 2547 natusest
259 2488 295 2557 G,
307 2506 425 2559 morae
443 2507 493 2547 om.
512 2491 544 2546 F
622 2492 747 2547 mortuus
765 2508 815 2547 om.
836 2490 862 2545 G
940 2505 975 2544 na
992 2489 1071 2545 ΒΕΘ
1143 2487 1167 2543 si
1185 2487 1244 2542 ani·

69 2579 173 2634 midis
193 2581 219 2632 A
296 2585 312 2633 4
335 2581 385 2633 aut
403 2579 470 2645 EF,
498 2579 554 2636 Vct.
575 2582 604 2635 et
622 2581 701 2634 ceteri
761 2579 866 2650 getnris
885 2580 921 2634 A.
939 2578 1063 2648 gentulis
1082 2578 1152 2644 (ead.
1171 2593 1204 2630 m.
1226 2594 1243 2628 u

67 2669 147 2735 del.)
172 2666 211 2720 F.
232 2667 337 2736 getulia
355 2670 436 2723 ceteri
507 2668 545 2722 sit
562 2685 612 2724 om.
633 2668 666 2722 G.
730 2668 766 2722 ad
785 2668 929 2722 dominum
949 2668 1009 2720 Iac.
1025 2665 1188 2719 Gronovius.
1208 2664 1244 2717 ad

69 2757 190 2811 duoem
206 2754 331 2811 BEFG.
350 2755 488 2811 adducam
502 2757 590 2812 AOD.
611 2757 751 2811 Graviora
768 2758 879 2810 malitias
897 2755 998 2808 adduci
1013 2755 1130 2808 Romam
1149 2751 1243 2819 ibique

70 2844 188 2900 uenire
204 2845 393 2914 wasconie
411 2845 575 2914 Scbopeaae,
594 2846 746 2900 adductum
766 2845 883 2899 Romam
903 2843 998 2898 uenire
1015 2844 1199 2896 Mommscaas

71 2941 91 2988 5
115 2930 365 3004 peruenissereG
437 2934 575 3004 potuisset
589 2934 658 2988 GSt
729 2933 891 2988 commertio
906 2932 943 2988 Ε.
963 2929 1095 2986 comertio
1109 2928 1245 2982 BGDGZ

161 3019 303 3088 italiquos
323 3023 360 3075 A.
383 3022 504 3091 ytalicos
524 3023 583 3078 01).
607 3022 691 3077 italos
709 3022 765 3077 FG
838 3029 853 3076 6
873 3021 1071 3090 karthaginem
1090 3018 1123 3074 G.
1148 3019 1242 3072 karta-

71 3111 188 3182 ginem
207 3108 298 3164 1301).
317 3110 491 3180 cartaginem
505 3113 540 3165 A.
559 3112 752 3182 carthaginem
771 3112 851 3167 ceteri
922 3114 1005 3180 cepto
1020 3108 1139 3163 ABFG.
1159 3111 1243 3178 capto

75 3199 149 3255 OD.
172 3200 279 3266 caepio
296 3197 327 3251 Ε
384 3198 545 3255 nominibus
564 3202 633 3271 (ead.
652 3218 725 3256 maa.
745 3216 814 3256 corr.
834 3202 865 3254 ia
884 3199 1034 3268 nobilibus)
1053 3200 1080 3252 A
1135 3203 1150 3251 '1
1170 3196 1243 3251 affri-

74 3304 163 3345 cano
189 3286 283 3343 BGD.
308 3287 460 3359 aphricana
484 3289 542 3343 ΕΖ
630 3296 646 3344 8
671 3288 699 3344 C.
725 3290 759 3345 A.
786 3306 837 3344 om.
857 3289 894 3345 D.
920 3306 983 3342 cum
1007 3290 1087 3344 ceteri
1176 3285 1242 3341 lelio

75 3374 235 3432 BODGZ
319 3375 420 3450 etiam]
439 3380 469 3433 et
486 3379 567 3434 1301)
656 3380 750 3447 gratia
768 3396 819 3434 ora.
839 3379 899 3434 OD.
917 3375 1126 3447 pulchritudine
1144 3375 1171 3429 B

75 3464 251 3522 conciliaus
268 3463 299 3517 E
360 3467 427 3523 eit
444 3468 480 3537 (la
499 3485 519 3522 a.
539 3467 636 3536 etiam)
654 3468 732 3536 Du).
752 3484 786 3522 ex
805 3469 831 3521 A
893 3466 998 3538 arguit]
1018 3466 1102 3522 docet
1119 3465 1146 3518 B
1210 3468 1243 3516 10

76 3554 234 3610 maiorem
251 3555 332 3609 natus
350 3556 405 3608 Aa.
425 3556 494 3609 natu
512 3555 646 3610 maiorem
661 3554 697 3612 F.
717 3556 852 3610 maiorem
871 3572 936 3610 nam
956 3555 986 3608 E
1057 3556 1086 3608 st
1104 3552 1189 3608 FaG.
1210 3568 1244 3605 ex

77 3645 121 3700 A.
145 3659 208 3700 eor.
223 3641 310 3699 BOD.
329 3643 468 3699 cornelius
482 3643 545 3699 EZ.
565 3646 594 3698 et
613 3660 668 3698 cor.
683 3643 739 3710 Fb,
753 3643 786 3698 St
858 3644 972 3713 equales
986 3643 1069 3696 ΑΘΖ
1136 3648 1166 3694 11
1188 3642 1244 3695 tra-

78 3735 141 3789 uae
156 3734 196 3787 A.
217 3731 305 3787 tradit
321 3733 403 3788 ceteri
470 3733 511 3803 st]
532 3732 587 3787 Sed
606 3732 632 3787 G
698 3733 813 3788 Porcius
828 3733 868 3787 st.
887 3732 995 3802 portius
1010 3731 1084 3798 libri,
1102 3730 1160 3784 abi
1172 3728 1245 3798 qaod

79 3821 190 3894 potins
209 3819 237 3875 G
320 3821 502 3893 suspitionem
528 3821 620 3877 AEZ.
645 3822 832 3890 suspicionem
851 3821 886 3875 F.
916 3820 1120 3890 suspectionem
1139 3817 1173 3872 G.
1193 3833 1242 3871 ora.

79 3909 176 3966 1301>
259 3910 310 3965 hec
328 3910 355 3965 G
437 3916 470 3964 12
489 3908 558 3965 fecit
576 3910 602 3965 G
681 3917 785 3979 13—p.
805 3916 867 3977 207,
887 3916 902 3963 3
921 3908 988 3963 Nori
1005 3907 1074 3961 satis
1091 3906 1194 3973 felicem
1212 3906 1244 3958 ia

78 4002 131 4054 bis
152 3997 329 4055 raumara
343 4014 453 4068 mam
467 3998 591 4068 Scaliper
604 4000 771 4067 cmuampsit
780 3999 928 4054 Animadv.
943 3999 975 4052 in
984 3995 1085 4050 Euecb.
1096 4011 1126 4063 p.
1141 3997 1195 4047 144
1204 4009 1242 4062 sq.

80 4089 128 4144 ad.
151 4087 216 4153 aa,
233 4087 408 4153 infeliciorem
422 4088 541 4143 Botbiaa
558 4087 590 4142 ia
603 4087 701 4142 Bcckii
715 4087 813 4141 Oomm.
834 4102 885 4142 soc.
897 4087 968 4155 phil.
983 4084 1060 4152 Lipc.
1076 4083 1098 4137 I
1106 4100 1137 4152 p.
1150 4087 1185 4137 34
1194 4099 1243 4152 aa,

81 4176 313 4243 infelicissimam
335 4176 479 4232 Walcbius
497 4176 614 4231 Emerid.
633 4176 745 4231 Liciaa.
763 4192 793 4244 p.
813 4180 866 4230 143
880 4191 934 4244 sqq.
972 4173 1031 4228 Nec
1047 4173 1163 4228 maltum
1176 4188 1242 4241 pro·

81 4266 157 4334 feeit
175 4263 298 4320 Bauius
351 4272 384 4319 13
403 4265 510 4320 lasciua
527 4268 563 4320 A.
582 4265 713 4321 lasciuias
731 4265 813 4319 BGD
866 4263 962 4319 landes
982 4264 1090 4317 fucosae
1108 4265 1145 4330 A,
1169 4261 1243 4316 Wol-

81 4357 152 4424 βω.
177 4353 289 4409 fucosae
301 4354 400 4409 landes
415 4354 532 4410 BODG.
551 4355 674 4410 luscosas
692 4355 790 4410 laudes
810 4355 873 4423 ΕΖ,
891 4355 982 4419 etiam,
999 4353 1056 4408 nisi
1074 4353 1146 4421 qaod
1160 4352 1244 4422 priac

82 4446 154 4501 siri
172 4442 299 4498 fuscam
316 4442 376 4497 cad.
394 4458 468 4500 maa.
487 4443 548 4512 dci,
566 4442 597 4496 F
