2924 5046
242 104 306 168 418
524 122 572 168 ou
597 122 631 167 u.
655 121 831 169 visamus
855 119 1109 172 aos1su01uc1s.

243 261 282 324 de
302 262 403 326 satira
422 263 472 326 aui
492 285 610 326 nomen
632 263 796 344 Tanaquil,
820 264 904 346 quod
923 286 1042 328 nomen
1061 252 1139 328 oum¹
1153 286 1173 326 a
1191 263 1399 347 logistoric:
1410 264 1441 327 is

243 368 335 432 libris
364 369 599 453 segregandum
628 371 706 434 dicit
734 393 763 452 p.
787 370 843 453 63,
876 371 981 455 magis
1011 372 1119 455 plaoet
1147 392 1246 455 quam
1271 369 1436 434 ibidem]

243 475 392 540 laudibus
426 476 589 540 cumulata
616 475 716 540 Nonii
749 477 857 541 neseio
891 499 955 560 qua
987 477 1168 563 diligentia
1223 477 1434 542 Proximus

243 583 389 666 pagellas
412 604 529 665 parum
549 583 715 666 eleganter
734 581 845 665 scripti
865 582 970 646 libelli
989 604 1062 646 aum
1082 584 1184 648 oculis
1204 584 1431 663 lustramus,

243 711 272 770 p.
296 689 339 752 64
363 690 520 753 miramur
543 689 581 752 de
603 687 789 770 ephemeride
811 689 920 752 aazias·
942 688 989 752 ita
1013 688 1143 772 disseri,
1166 695 1269 753 utne
1294 690 1368 754 Ber
1377 710 1429 772 g-

241 795 356 858 kiauae
385 794 516 878 quidem
544 794 788 878 disputationis,
821 816 903 877 quae
933 794 1055 858 inserta
1084 801 1133 860 est
1156 795 1264 860 Musei
1288 796 1427 860 nostn·

241 901 400 985 philologi
429 902 585 966 volumini
613 903 642 984 l,
671 903 738 967 ulla
764 901 849 966 ratio
877 901 1044 965 habeatur.
1092 900 1154 967 Sed
1178 926 1208 986 p.
1237 902 1282 966 66
1308 899 1426 987 quod

242 1007 327 1089 apud
346 1005 568 1071 Diomedeml
592 1030 621 1091 p.
633 1008 697 1072 372
721 1011 853 1072 exstans
877 1006 1086 1072 Roatmaana
1108 1009 1226 1074 titulus
1252 1008 1295 1072 ad
1319 1027 1424 1070 eus

242 1113 378 1176 satiram
403 1113 543 1178 refertur
567 1136 647 1197 quae
671 1113 829 1196 inscripta
852 1116 922 1177 erat
943 1113 1171 1192 Flaatabouze,
1195 1116 1269 1192 περὶ
1293 1115 1425 1190 enmo-

243 1222 330 1296 χιῶν,
355 1219 387 1282 id
410 1240 474 1282 nou
499 1218 701 1284 incommode
725 1220 945 1303 excogitatum
964 1225 1028 1283 est:
1052 1220 1211 1304 siquidem
1231 1242 1272 1284 ea
1290 1219 1426 1285 satira

244 1325 284 1390 ab
309 1325 380 1407 ipso
405 1332 597 1408 argumento
622 1324 709 1410 (περὶ
732 1329 903 1405 ἐπαρχιῶν,
930 1327 950 1390 i.
964 1348 990 1389 e.
1014 1327 1191 1412 praeturis)
1214 1326 1314 1390 duoto
1341 1344 1427 1388 no

242 1432 328 1495 mine
356 1432 402 1495 sio
431 1433 538 1497 vocari
567 1455 586 1497 a
614 1433 836 1516 grammaticis
866 1432 974 1515 potuit
1003 1433 1043 1496 ad
1067 1454 1178 1496 earum
1202 1432 1427 1497 fabularum

242 1538 488 1602 similitudinem
504 1538 543 1602 de
557 1540 675 1622 quibus
689 1539 896 1623 exposuimus
912 1537 1077 1623 Parergou
1090 1537 1106 1601 Ι
1121 1560 1152 1622 p.
1170 1540 1242 1603 142.
1272 1538 1429 1615 Qum-

243 1667 338 1728 quam
362 1666 427 1708 uon
449 1667 547 1708 unam
571 1645 613 1709 ob
637 1667 785 1709 caussam
808 1645 964 1729 perdubia
986 1667 1037 1708 res
1061 1649 1121 1709 est.
