2888 5040
493 336 769 387 urscrrnrusavu
793 338 917 386 uranus.
1211 321 1276 386 369

136 503 203 551 cum
230 483 380 564 quattuor
402 479 642 559 mattmmticis,
664 482 823 562 quadrivii
845 480 977 547 nominc
1000 482 1115 562 postea
1138 480 1277 564 conexis,

144 596 297 672 tamquam
309 589 484 672 cognatam
497 587 614 672 iungas
634 586 894 671 architecturam,
909 586 1031 651 frustra
1045 585 1276 652 elaboraveris:

154 692 265 778 quaudo
285 697 435 778 quattuor
457 697 585 758 tantum
604 693 728 757 artibus
749 695 838 758 locus
857 695 953 758 datus
972 697 1023 758 est
1040 693 1126 758 inter
1143 693 1276 758 tertium

161 804 185 864 st
205 801 341 864 octavum
368 799 499 864 librum.
545 799 796 866 Mathematicus
825 805 932 865 autem
960 801 1034 865 illas
1064 803 1219 885 quattuor
1241 803 1278 864 ut

166 907 214 969 iam
232 904 401 972 aVarronc
425 906 631 971 continuatas
656 906 887 990 existimemus,
910 929 976 971 non
994 910 1103 991 potest
1121 927 1187 970 non
1206 928 1278 971 sua·

171 1010 224 1074 lere
240 1010 351 1096 Isidori,
370 1009 488 1096 Boetii,
508 1010 703 1097 cassiodori,
721 1011 879 1078 Marciani
903 1013 1068 1097 ipsiusque
1091 1016 1129 1077 ut
1151 1011 1278 1078 videtur

175 1114 325 1190 Quintiliani
351 1138 537 1184 consensus.
583 1117 631 1184 Vt
658 1141 731 1185 cum
755 1120 815 1184 hae
844 1121 883 1184 de
906 1142 1022 1185 caussa
1047 1123 1118 1184 tum
1145 1123 1279 1203 propior

176 1218 295 1288 luam
309 1225 347 1290 do
366 1248 402 1290 se
420 1226 493 1310 ipso
511 1227 735 1291 testimonium
755 1226 1004 1293 architecturam
1023 1227 1091 1293 reri
1110 1227 1154 1292 sit
1172 1227 1279 1292 simile

178 1326 288 1394 ultimum
307 1332 412 1396 locum
436 1332 631 1398 obtinuisse:
654 1356 731 1397 nam
756 1338 789 1398 et
811 1335 917 1419 magis
941 1334 1087 1418 profecto
1111 1339 1279 1400 consenta-

179 1452 247 1498 ncum
264 1442 304 1502 est
323 1437 364 1503 ab
388 1460 436 1522 eo,
460 1439 515 1524 qui
538 1439 719 1504 intueretur
742 1438 898 1504 Varronis
923 1440 1114 1524 exemplum,
1136 1446 1278 1507 resectas

180 1557 229 1603 csse
246 1547 389 1610 extremas
413 1567 510 1630 quam
533 1544 656 1610 medias
679 1547 846 1632 quasdam,
871 1551 903 1612 ct
926 1547 1039 1611 eodem
1062 1547 1143 1613 adeo
1167 1548 1278 1613 ordine

180 1640 317 1716 hamus
353 1673 373 1716 a
410 1673 445 1716 se
477 1653 724 1736 praetermissas
757 1657 990 1719 commemorat
1021 1655 1213 1720 medicinam
1246 1658 1279 1720 et

125 1798 128 1845 ι
181 1749 398 1842 chamum,
425 1781 491 1824 non
516 1759 765 1825 architecturam
789 1765 823 1825 et
845 1760 1046 1826 medicinam.
1092 1759 1160 1826 Nec
1184 1764 1280 1844 certe,

125 1872 128 1947 ᾗ
181 1853 401 1938 ipauufimus
425 1865 516 1931 locus
543 1866 685 1931 tributus
709 1871 781 1932 crat
803 1867 994 1951 medicinae,
1022 1867 1106 1936 hanc
1128 1867 1280 1934 contendi

125 1950 128 2065 l
181 1963 260 2038 pubet
275 1972 371 2055 aptius
396 1973 448 2038 rel
471 1994 491 2037 a
514 1972 639 2038 musica
657 1974 709 2037 vel
727 1973 769 2038 ab
789 1974 968 2059 astrologia
991 1995 1088 2057 quam
1111 1974 1152 2038 ab
1178 1972 1280 2038 archi·

125 2084 128 2153 ξ
182 2063 273 2138 tectum
298 2078 407 2163 excipi.
458 2078 551 2156 Quod
585 2084 694 2145 autem
727 2079 767 2144 ad
800 2079 943 2163 ipsarum
976 2077 1279 2145 mathematicorum

125 2194 129 2229 ι
181 2165 240 2239 iuter
258 2202 314 2249 sese
336 2185 483 2252 ordinem
506 2187 640 2270 attinet,
669 2187 739 2252 sinc
763 2191 852 2252 certa
875 2186 950 2252 sede
974 2186 1118 2251 omnium
1141 2187 1279 2252 maxime

181 2286 263 2362 ltgari
280 2293 427 2358 musicam
451 2291 605 2358 ridemus.
651 2293 754 2369 Quam
779 2295 912 2379 reliquis
935 2293 1122 2379 postposuit
1144 2293 1279 2359 Marcia-

125 2476 127 2487 ,
179 2397 230 2468 ”lb
247 2399 468 2476 praemiserunt
491 2398 712 2475 Quintilianus
736 2405 769 2464 et
792 2400 1010 2487 Augustinus,
1033 2401 1172 2466 mediam
1195 2400 1281 2464 inter

125 2502 127 2517 '
178 2501 347 2570 seuerum
370 2509 403 2570 ct
427 2505 665 2571 arithmeticam
689 2507 801 2590 posuit
824 2505 960 2591 Seneca,
988 2509 1074 2573 inter
1100 2506 1280 2571 arithmeti-

177 2608 224 2703 flu
247 2611 275 2671 ct
292 2613 497 2696 geometriam
517 2611 675 2678 Boethius
695 2617 728 2677 ct
746 2612 899 2698 isidorus,
923 2615 1050 2697 utrique
1075 2615 1282 2679 subiecerunt

173 2693 236 2814 “lim
255 2711 382 2784 Isidorus
407 2719 511 2785 altero
534 2720 605 2784 loco
625 2741 697 2783 cum
714 2717 918 2785 Cassiodoro.
951 2720 1001 2783 Ex
1024 2718 1076 2782 his
1099 2720 1281 2784 rationibus

172 2809 306 2888 mllimam
326 2825 421 2890 fidem
444 2825 566 2892 habeut
585 2829 718 2911 mediae,
743 2828 858 2912 quibus
883 2828 1080 2892 divelluntur
1104 2827 1282 2910 geometria

170 2908 191 2967 el
206 2922 405 3031 {rithmetica
452 2933 577 3009 Quibus
601 2936 662 2999 etsi
685 2935 936 3020 haudquaquam
965 2934 1166 2998 incommode
1190 2955 1282 3017 prac-

168 3027 277 3128 l⁰l¹lur
294 3041 413 3104 musica
442 3044 556 3124 utpote
581 3043 810 3125 grammaticae
834 3046 866 3105 ct
889 3044 1048 3106 humanae
1072 3041 1202 3125 linguae
1225 3063 1281 3104 no·

167 3116 233 3191 ”⁰¹¹1
247 3144 333 3209 ¹valde
356 3146 480 3231 affinis,
512 3151 624 3212 tamen
652 3149 686 3212 in
709 3147 890 3212 Varronem
920 3147 1047 3233 quidem
1076 3147 1104 3222 is
1132 3145 1211 3212 ordo
1235 3147 1282 3210 ita

167 3221 273 3350 tautum
291 3251 397 3318 cadere
420 3253 540 3337 possit,
568 3258 604 3318 ut
632 3255 728 3318 simul
752 3255 963 3339 geometriam
986 3254 1159 3338 praecedat
1182 3251 1281 3318 arith·

128 3350 141 3418 .‘
169 3335 265 3446 ulmea
288 3359 402 3442 quippe
432 3360 546 3444 quinto
575 3360 661 3424 libro
690 3365 836 3426 tractata.
883 3361 919 3425 Id
948 3364 1055 3426 autem
1083 3360 1190 3443 ipsum
1217 3381 1283 3424 non

170 3456 221 3503 ⁸¹¹¹ss
237 3464 413 3529 confidentia
427 3467 675 3549 pronuntiamus
690 3489 798 3532 carere
813 3467 1054 3552 probabilitate.
1079 3467 1164 3542 Nam
1184 3488 1281 3551 quan·

171 3547 267 3629 tumui,
286 3571 315 3634 in
337 3571 399 3637 hoc
422 3594 537 3657 genere
561 3574 647 3637 inter
670 3597 703 3638 se
728 3575 911 3660 discrepent
930 3577 1047 3639 artium
1067 3577 1225 3654 auctores,
1248 3572 1281 3635 in
1296 3591 1323 3630 20

175 3673 222 3772 {¹¹¹²
248 3693 273 3738 re
296 3700 359 3743 non
386 3678 569 3763 promiscue
605 3680 785 3766 discedunt,
818 3683 874 3747 sed
909 3682 1110 3746 saeculorum
1137 3678 1282 3742 ordinem

176 3780 229 3844 llso
247 3779 379 3850 dissensu
403 3789 535 3850 servant
558 3788 831 3854 constantissime.
868 3785 1062 3852 Posterioris
1082 3785 1132 3848 vel
1152 3783 1283 3847 infimae

180 3873 264 3951 aetllis
284 3895 371 3976 sunt,
394 3892 450 3976 qui
473 3892 615 3975 priorem
639 3915 709 3958 esse
733 3893 973 3959 arithmeticam
998 3890 1181 3973 voluerunt,
1206 3887 1282 3953 Cas·

178 3978 299 4082 siolaus,
325 3999 475 4081 Boetius,
507 3997 667 4063 isidorus:
701 4000 923 4083 ageometria
946 3998 1130 4079 ordiuntur,
1164 3995 1218 4079 qui
1242 3995 1282 4059 ad

174 4093 275 4167 meliora
304 4105 433 4170 saecula
465 4105 598 4189 propius
631 4104 803 4188 accedunt,
840 4104 1037 4186 Marcianus,
1070 4101 1284 4186 Augustinus,

170 4196 304 4296 Seneca*)
352 4208 444 4294 Ergo
476 4214 552 4293 post
579 4209 775 4275 rhetoricam
805 4212 985 4295 geometria
1015 4214 1048 4273 et
1078 4207 1285 4273 arithmetica

168 4312 350 4326 &m—

216 4348 238 4418 *l
254 4349 293 4405 Dc
311 4351 365 4406 hac
383 4349 546 4428 differentia
563 4352 602 4405 sic
621 4351 804 4407 Cassiodorus
823 4359 878 4406 c.4
898 4371 923 4421 p.
945 4359 996 4404 553
1007 4367 1036 4404 a:
1057 4349 1209 4417 Scriptores
1227 4365 1284 4402 sue-

155 4440 273 4497 aunum
305 4438 463 4495 litterarum
495 4441 566 4493 iuter
598 4442 762 4508 discipliuae
789 4443 992 4497 anathematicas
1016 4441 1137 4509 primm
1164 4439 1283 4494 omnium

193 4549 224 4585 ra
246 4549 395 4583 muscarum
416 4548 547 4582 uersuros
568 4550 609 4584 ιιι.
1037 4534 1071 4583 24
