2924 5046
528 355 811 402 conuunraarvs
1175 334 1237 398 271

128 485 188 546 buit
203 479 318 561 Seneca
336 495 451 561 Natur.
470 501 592 580 quaest.
607 498 697 581 ν1,2,
712 499 741 562 8.
778 497 823 562 Et
845 518 961 561 nomen
986 494 1114 578 quidem
1137 495 1243 577 ipsum

139 589 214 656 etiam
234 599 348 686 lapides
373 602 504 686 quidam
526 602 649 667 Bruttii
672 603 804 666 firmant
826 602 860 665 in
883 601 1076 666 Mommseni
1099 600 1123 664 I.
1147 600 1185 665 R.
1202 599 1243 665 N.

142 693 170 755 15
188 704 215 764 et
233 707 280 773 53:
311 731 330 772 a
361 731 424 793 quo
454 730 521 773 non
550 702 658 772 differt
681 704 927 772 VACELLIVS
957 707 1063 773 forma
1091 708 1168 771 ibid.
1194 708 1242 771 11.

137 796 353 880 ‘Dmamora’
381 818 492 878 tamen
514 797 656 899 Vagellii
685 815 726 878 ab
749 812 900 878 Iuvenale
924 814 1168 878 commemorati
1191 834 1244 878 ve·

126 926 188 976 reor
210 922 340 986 utullus
362 921 397 985 in
420 920 481 986 hac
504 943 620 985 caussa
643 943 720 985 usus
744 921 801 985 sit:
825 925 939 984 contra
961 917 1102 985 Senecae
1127 919 1244 1003 Vagal-

114 1009 186 1085 ll'um
205 1032 251 1091 sat
267 1027 433 1092 commode
448 1027 511 1092 huc
525 1028 694 1092 convenire
708 1049 841 1111 prorsus
857 1027 1019 1092 adsentior
1034 1025 1243 1090 Buechelero.

105 1115 186 1192 Sunt
204 1136 307 1199 autem
327 1133 467 1198 Senecae
485 1135 585 1198 verba
604 1134 696 1199 haec:
719 1135 832 1217 apropie
851 1133 1006 1216 Vopellius
1028 1154 1113 1196 ncnc
1135 1135 1169 1196 in
1187 1133 1242 1196 illo
1255 1153 1294 1195 su

96 1227 206 1304 vadia
226 1241 362 1305 carmine
386 1239 425 1304 ‘ci
447 1242 616 1306 mancum
639 1239 697 1305 cst'
720 1241 823 1322 inquit
845 1239 942 1318 ‘milit
964 1261 980 1304 e
1002 1240 1083 1304 coelo
1106 1240 1245 1303 cecidisse

89 1339 213 1411 ratim?
259 1346 402 1423 Quorum
427 1350 570 1410 extrema
592 1368 608 1410 e
629 1347 710 1411 caelo
732 1348 871 1410 caerae
891 1346 985 1410 ocelim
1009 1347 1064 1431 qui
1088 1346 1127 1409 ad
1150 1345 1245 1409 hexa-

82 1451 193 1516 metri
216 1452 413 1536 principium
436 1451 564 1536 referat,
587 1472 769 1537 nonposse
792 1475 859 1519 non
881 1453 1014 1518 haerere
1037 1454 1071 1518 iu
1095 1453 1142 1517 eis
1162 1474 1244 1536 quae

77 1558 296 1631 praecedunt
327 1581 460 1624 numero
492 1557 654 1643 dactylico
687 1565 798 1644 aperte
832 1559 1041 1645 refragantia.
1096 1559 1245 1625 Liberius

74 1656 199 1741 igitur
225 1670 343 1750 poetae
373 1666 481 1730 verbis
510 1663 665 1731 Senecam
694 1689 788 1731 usum
815 1666 915 1731 talem
944 1667 1053 1748 potius
1081 1668 1114 1731 in
1138 1670 1245 1730 mente

70 1761 252 1838 habuisse
276 1772 439 1837 senarium
463 1762 577 1836 videri:

257 1913 297 1980 Si
317 1914 398 1979 mibi
419 1916 590 1981 cadendum
611 1921 666 2000 cst,
689 1917 829 1981 cecidisse
851 1937 867 1980 c
889 1917 972 1982 cccld
991 1916 1094 1981 uelim.

61 2044 251 2122 Senarios
276 2061 386 2122 autem
405 2079 479 2121 cum
498 2056 597 2121 etiam
617 2056 738 2122 Donati
758 2059 934 2124 versiculos
953 2058 1140 2141 babeamus,
1162 2056 1246 2121 nihil

60 2155 227 2228 obstare
257 2163 429 2248 quominus
463 2167 496 2227 et
521 2185 623 2226 unum
653 2164 850 2249 eundemque
879 2165 1045 2249 utriusque
1076 2163 1245 2248 scriptoris

58 2257 286 2350 Vagellium
311 2269 479 2335 credamus
498 2271 532 2332 et
550 2269 690 2334 fortasse
710 2271 807 2334 etiam
824 2270 984 2335 ‘inclitum
1005 2270 1151 2336 carmen'
1166 2269 1246 2335 illud

56 2385 154 2435 non
191 2375 279 2440 aliud
308 2397 380 2440 esse
407 2375 470 2439 nisi
501 2374 701 2440 ‘Actionem'
730 2378 937 2460 suspicemur.
984 2375 1073 2453 Quae
1103 2379 1129 2442 si
1158 2380 1247 2442 certa

56 2489 156 2540 non
189 2485 278 2565 sunt,
305 2485 340 2545 at
363 2480 447 2545 reris
477 2482 662 2567 propinqua
684 2482 798 2547 baberi
821 2488 983 2567 poterunt.
1030 2483 1093 2549 Sed
1117 2484 1155 2548 de
1178 2505 1245 2548 car·

57 2579 185 2649 mine
213 2610 418 2673 quocumque
448 2588 544 2653 modo
571 2587 780 2674 iudicabitur,
816 2591 947 2673 Vapcllii
976 2591 1106 2673 quidem
1129 2612 1247 2654 nomen

57 2691 285 2761 coniectura
308 2700 471 2780 repertum
495 2719 566 2762 essa
589 2696 777 2762 felicissima
800 2698 939 2781 confido,
963 2719 1159 2781 quamquam
1183 2718 1248 2760 uon

57 2784 233 2869 ignarus
258 2801 300 2867 ad
323 2803 433 2868 omnia
456 2802 520 2866 alia
543 2806 576 2866 et
599 2801 650 2887 (ut
673 2801 770 2889 solet)
796 2805 901 2868 aliena
924 2804 962 2867 de
978 2801 1115 2868 Senecae
1140 2804 1247 2868 verbis

61 2904 312 2973 coniectando
337 2907 471 2972 eundem
497 2907 591 2972 illum
614 2908 780 2994 Vngcrum
803 2933 906 2994 nuper
929 2911 1097 2994 delapsum
1121 2931 1190 2974 esse
1214 2910 1248 2972 in

61 3012 120 3059 ea
159 3013 441 3078 commentatione
469 3035 566 3097 quam
594 3014 632 3078 de
655 3013 776 3080 Lucani
801 3016 944 3082 Heliacis
974 3040 1001 3082 a.
1027 3016 1111 3082 1858
1140 3015 1248 3080 edidit

63 3095 266 3184 Nimirum
290 3119 418 3184 blandis
442 3120 614 3185 verborum
641 3122 809 3186 lenociniis
834 3146 994 3188 summam
1017 3124 1109 3188 nobis
1133 3121 1247 3185 lenita·

69 3204 163 3282 iem
198 3225 275 3290 talis
302 3225 552 3310 permutationis
579 3227 762 3292 litterarum
789 3228 983 3312 persuadere
1013 3227 1122 3293 studet
1144 3249 1248 3319 quae

73 3329 252 3402 'ucetica
275 3333 333 3397 fiat
354 3352 428 3396 acro
451 3352 591 3397 annaeus
614 3333 752 3399 laconas.

196 3473 270 3557 Pag.
293 3474 351 3539 214
371 3489 521 3538 versuum
543 3473 625 3538 8-8
647 3475 727 3538 haec
750 3476 856 3540 estin
879 3481 986 3541 vetere
1009 3476 1155 3540 Parisino
1179 3497 1249 3558 spe·

93 3562 181 3639 cies:
205 3580 261 3646 hac
281 3601 360 3663 proc
381 3586 533 3645 tucantur
552 3581 678 3661 fabulae
699 3583 787 3647 cuiae
807 3588 887 3648 sant
932 3605 996 3647 non
1018 3583 1075 3646 lms
1097 3583 1152 3663 qia
1174 3583 1249 3644 icero

102 3687 228 3758 popurus
253 3688 418 3752 recentibus
450 3687 546 3751 dabat
569 3708 689 3752 summo
718 3690 831 3754 bonore
859 3690 987 3769 affectus
1015 3691 1087 3770 fecit
1116 3687 1249 3768 scurras.

109 3771 177 3850 Nee
200 3793 333 3858 multum
359 3792 458 3857 ceteri
481 3792 557 3858 libri
581 3792 781 3879 discrepant,
810 3797 875 3860 nisi
898 3795 984 3881 quod
1006 3819 1066 3880 pro
1088 3794 1250 3859 recentibus

120 3883 320 3984 inplerisque
339 3899 560 3964 rennuentibus
579 3905 694 3985 exstat,
715 3903 935 3968 recentioribus
954 3925 992 3967 ex
1006 3903 1091 3968 Italo
1111 3900 1249 3984 quodam

128 3994 218 4069 adice
239 4003 493 4071 ‘vetustissimo'
518 4005 652 4071 affertur
674 4029 693 4070 a
716 4007 854 4073 Barthio
877 4010 1050 4074 Adversar.
1064 4025 1109 4089 VI,
1123 4007 1175 4070 26.
1212 4005 1249 4068 Iu

131 4098 171 4166 lis
190 4116 289 4177 autem
312 4111 521 4196 expediendis
545 4112 608 4178 dici
631 4114 744 4197 nequit
766 4119 923 4198 quantum
943 4138 977 4180 se
996 4116 1096 4197 longo
1115 4133 1152 4175 ex
1171 4115 1251 4173 tem·

135 4230 193 4295 porc
212 4216 294 4284 docti
316 4217 464 4282 homines
487 4219 653 4284 torserint:
677 4219 835 4305 Iosephus
859 4220 1003 4307 Scaliger
1024 4217 1194 4284 Animadv.
1217 4217 1252 4280 in

134 4314 241 4388 tuebii
264 4322 419 4390 Chronol.
443 4347 474 4408 p.
495 4325 559 4389 144
583 4325 630 4390 ed.
653 4326 718 4411 alt,
741 4327 838 4393 Ianus
862 4329 1056 4415 Rutgersius
1080 4324 1155 4389 Var.
1179 4325 1250 4387 lect.

57 4477 67 4493 .
134 4425 191 4514 1,l,
216 4431 283 4515 ipse
305 4429 463 4496 Barthius
485 4430 507 4495 l.
530 4453 555 4496 s.
578 4453 618 4515 s,
649 4439 764 4500 nostra
791 4439 899 4501 autem
928 4435 1086 4501 memoria
1114 4430 1250 4497 Carolus
