2924 5046
447 345 721 394 orscrrumnnvn
743 346 866 394 ninius.
1158 327 1222 391 367

65 491 203 572 putare.
250 484 354 561 Quam
381 487 509 570 quidem
537 487 667 571 gemina
695 487 977 570 argumentatione
999 484 1060 548 hac
1084 506 1223 549 commu·

66 595 197 658 nimus.
235 591 381 657 Primum
404 595 491 658 enim
517 596 543 659 ei
567 595 768 679 reputaveris
793 616 874 678 quae
898 593 982 658 ratio
1005 592 1091 655 inter
1106 590 1223 656 Varro·
1239 610 1264 648 11

68 721 155 764 nem
184 703 218 762 et
240 698 443 766 Marcianum
471 700 638 785 Capellam
666 702 858 784 intercedat,
890 705 927 764 ut
955 700 1009 784 qui
1037 698 1224 764 dialecticae

70 809 246 870 auctorem
271 806 451 872 Varronem
479 812 710 872 commemoret
736 809 771 871 in
796 831 853 872 suo
877 808 915 871 de
939 806 1107 872 dialectica
1130 808 1225 892 libro,

69 913 160 976 item
183 914 383 997 geometriae
406 916 441 979 in
464 937 521 979 suo
546 915 584 980 do
608 915 801 1000 geometria,
835 918 1003 997 praeterea
1026 914 1162 979 eundem
1185 916 1224 979 de

68 1019 168 1082 salla
197 1020 286 1085 vocis
315 1020 441 1105 origine
469 1025 622 1105 sequatur
649 1021 683 1085 in
712 1020 925 1085 astronomia:
957 1019 1062 1084 facilis
1096 1023 1158 1086 erit
1185 1022 1224 1085 de

70 1118 237 1190 Marciani
261 1126 308 1191 IX
337 1151 368 1211 p.
390 1128 456 1192 302
484 1126 590 1191 verbis
614 1128 814 1209 coniectura,
843 1126 966 1210 quibus.
987 1127 1163 1209 plurimum
1191 1130 1224 1193 in

70 1225 140 1293 hac
164 1254 281 1298 caussa
307 1235 489 1300 tribuimus.
534 1233 713 1317 Postquam
737 1234 822 1299 enirn
846 1255 954 1298 coram
979 1231 1056 1298 Iove
1078 1234 1224 1299 deorum-

68 1354 142 1415 que
167 1344 260 1403 coetu
284 1361 340 1403 sex
354 1339 451 1403 Artes
474 1337 672 1423 prodierunt,
695 1341 785 1423 prius
809 1363 905 1424 quam
930 1363 1004 1405 suas
1023 1345 1136 1424 partes
1156 1363 1225 1424 sep·

68 1439 164 1507 tima
187 1445 266 1529 agit,
288 1464 433 1526 animam
447 1450 547 1526 pater,
569 1447 624 1527 qni
636 1445 871 1528 probandorum
888 1468 1035 1512 numerere
1052 1453 1224 1536 cinerescat,

61 1552 222 1627 eamearn.
258 1554 308 1616 cai
327 1551 441 1616 Deliae
463 1549 577 1636 (verba
595 1556 671 1616 sunt
689 1552 860 1638 Marciani)
878 1555 1071 1619 Medicinam
1092 1557 1227 1638 sarppcrii

64 1651 414 1740 Arclritcclonicamqac
443 1660 479 1722 in
502 1661 700 1740 praeparatis
727 1661 875 1725 amietcrc.
925 1663 977 1726 aad
1003 1664 1149 1742 qnoniam
1176 1662 1225 1725 lais

61 1766 261 1828 ”wanliam
291 1785 397 1828 rernm
428 1785 503 1829 cora
534 1771 780 1848 immanemque
810 1767 948 1831 sollertia
979 1773 1035 1850 cst,
1072 1789 1126 1832 nec
1156 1788 1225 1831 cam

62 1865 199 1935 acram
220 1873 385 1952 quinariam
407 1871 518 1935 babent
538 1874 714 1954 saponaria
736 1875 868 1955 confine:
900 1895 963 1938 non
986 1861 1162 1957 innormare,
1188 1896 1226 1939 ac

61 1968 104 2028 θὶ-
129 1974 258 2050 fastidio
280 1982 475 2059 respuantur,
502 1978 537 2041 in
559 1983 667 2042 sarain
690 1979 800 2043 caelico
822 1980 998 2058 ratramni,
1025 1981 1064 2044 ab
1086 1983 1157 2063 apsa
1179 1983 1226 2045 dc·

63 2070 182 2160 incon
204 2084 325 2165 namne
346 2084 552 2165 explorandac
573 2085 748 2150 discrimina.
779 2106 844 2150 ana
867 2106 944 2163 acro,
967 2107 1045 2167 qaae
1061 2089 1227 2168 polianiam

63 2185 159 2249 Caeli
178 2190 374 2271 salcrnrnqnc
396 2190 535 2254 dilectior
555 2195 606 2268 cst,
626 2192 781 2260 ‚cnanrinis
803 2191 896 2257 limine
919 2197 983 2256 tam
1003 2193 1110 2273 sanare
1131 2215 1225 2276 qnam

62 2289 234 2374 voluptate
255 2297 443 2376 (imperaretur
465 2298 584 2378 tanam
606 2298 808 2378 conspectibus
825 2319 889 2363 non
902 2301 1015 2380 polerit
1032 2302 1099 2365 sinc
1120 2302 1227 2366 scotera

62 2394 207 2466 cedaar-i·
230 2403 275 2486 (h.
300 2423 326 2467 e.
350 2401 498 2486 Musica).
543 2402 668 2468 Horum
697 2403 798 2487 igitur
826 2426 899 2469 cum
928 2405 1008 2469 haec
1031 2407 1079 2470 vis
1103 2407 1159 2489 sit,
1191 2411 1227 2470 ut

68 2506 208 2574 excludi
242 2532 263 2574 a
295 2509 461 2574 Marciano
492 2511 575 2575 duae
605 2514 691 2575 artes
722 2532 793 2575 curn
824 2512 955 2595 reliquis
987 2517 1111 2595 septem
1144 2514 1226 2577 alias

67 2615 335 2697 comprehensae
371 2614 534 2680 dicantur:
572 2617 699 2701 quando
736 2617 866 2681 illarum
904 2619 1040 2681 alteram
1078 2619 1118 2683 ab
1155 2621 1227 2703 ipso

68 2702 230 2786 Varrone
263 2721 532 2804 comprehensam
565 2723 598 2786 in
631 2722 779 2786 confesso
814 2728 877 2805 est,
911 2723 949 2786 ad
984 2724 1118 2788 eundem
1148 2725 1227 2788 Var-

72 2833 193 2894 ronem
217 2828 396 2894 medicinae
420 2832 565 2911 spectare
589 2831 786 2894 mentionem
810 2828 896 2891 haud
918 2829 1064 2911 profecto
1089 2832 1225 2895 obscura

75 2921 279 3010 significatio
303 2935 348 2999 fit.
385 2934 519 3018 Absque
542 2957 606 3020 quo
630 2941 726 3017 esset,
749 2958 805 3000 cur
829 2936 903 2999 illas
927 2936 1015 3017 ipsas
1040 2936 1226 3021 disciplinas

76 3020 267 3107 Marcianus
291 3044 421 3124 praeter
443 3045 566 3106 ceteras
591 3044 880 3107 commemoraret?
912 3065 968 3106 cur
996 3065 1060 3107 non
1090 3044 1226 3128 agricul-

80 3131 201 3231 buram,
224 3170 322 3232 quam
346 3147 413 3211 suis
436 3148 565 3211 Artium
587 3147 681 3211 libris
705 3149 854 3212 novimus
873 3147 1002 3212 Celsum
1025 3151 1226 3233 complexum

85 3252 179 3315 0⁸⁸c?
203 3277 259 3321 cnr
282 3275 347 3318 non
371 3253 524 3337 pingendi
548 3253 755 3336 sculpendive
779 3255 887 3319 artes?
933 3255 1097 3319 Firmatur
1119 3261 1226 3321 autem

87 3357 247 3425 matema
272 3364 388 3424 nostra
415 3360 518 3423 altero
548 3364 754 3442 argumento,
786 3359 870 3442 quod
894 3360 1035 3444 petimus
1059 3385 1076 3426 e
1099 3363 1229 3447 gemina

90 3440 187 3531 Nouii
210 3467 375 3545 memoria,
398 3489 429 3549 p.
446 3465 522 3530 135:
546 3466 703 3551 tracitiosi,
724 3468 778 3546 (pri
800 3468 843 3530 ad
864 3468 1021 3531 lacernam
1042 3490 1105 3534 non
1128 3470 1229 3532 armni

92 3559 267 3650 Madame
288 3578 436 3638 vocantur
458 3595 479 3637 a
502 3573 639 3638 Graecia.
672 3573 771 3636 Varro
785 3573 1036 3655 Disciplinarum
1060 3576 1109 3638 nn.
1127 3574 1228 3637 VIII:

94 3676 201 3747 ”biberi
226 3701 288 3744 non
310 3681 424 3756 mttere,
454 3699 529 3760 qima
552 3679 710 3760 appeliant
731 3679 951 3763 lrrsaIiomc*);
976 3716 1016 3725 —
1042 3685 1075 3743 et
1098 3703 1127 3762 p.
1151 3682 1228 3743 bol:
1245 3699 1269 3736 n

94 3782 256 3851 Manna.
294 3787 394 3851 Varro
416 3785 667 3866 Dioaiplinaram
691 3784 899 3868 (DIsmpIinae
921 3785 1025 3868 codd.)
1050 3785 1099 3849 lid.
1124 3785 1229 3849 VIII:

100 3905 297 3939 N—

161 3992 188 4063 *i
205 3997 333 4068 Pergitur
350 3997 426 4066 apud
439 3995 563 4051 Nonium
581 3995 633 4049 sic:
653 3996 732 4048 Idem
741 3995 911 4049 Andabntir:
930 3995 1022 4063 achnl
1040 3995 1108 4048 idern
1128 4012 1231 4059 cacam,

61 4064 72 4073 .
106 4080 148 4124 Μ
172 4082 324 4140 directricem
348 4091 395 4142 cci.
436 4085 521 4139 Mirer
544 4084 567 4137 si
589 4099 676 4153 prope
700 4083 798 4137 eadem
822 4083 909 4138 verba
930 4084 1059 4138 Varronis
1083 4082 1230 4152 Plautinos

111 4171 248 4229 Wmmunia
264 4175 328 4229 sint.
358 4173 537 4242 Quapropter
554 4170 648 4226 nescio
666 4189 702 4226 an
722 4173 791 4224 haec
810 4171 943 4224 lacunosa
960 4171 1017 4225 sint
1030 4176 1059 4223 cn
1072 4170 1112 4224 nic
1126 4172 1223 4225 innan

116 4251 194 4314 moda:
208 4264 283 4317 Idem
293 4263 465 4317 Andadatic:
480 4263 504 4332 [⁶
513 4282 524 4305 ⁸
533 4262 669 4315 &lamna
684 4260 933 4328 ordinatoriam]
948 4260 1041 4327 rdcpal
1055 4260 1097 4327 [Iu
1111 4260 1230 4327 qulirlrm

119 4351 196 4414 ‘lma
212 4368 265 4406 non
283 4354 439 4408 lanariam
456 4369 491 4406 ea.
519 4351 664 4405 Habentur
682 4350 755 4403 enim
775 4350 845 4401 hacc
864 4347 922 4403 nil.
945 4346 1073 4415 ¹¹23,st
1100 4349 1229 4404 I‘Anmnm

122 4425 223 4494 immam
240 4441 358 4496 formam
376 4442 464 4497 tacite
482 4440 590 4495 sustuli.
