<?xml version="1.0" encoding="UTF-8"?>
<!DOCTYPE html PUBLIC "-//W3C//DTD XHTML 1.0 Transitional//EN"
    "http://www.w3.org/TR/xhtml1/DTD/xhtml1-transitional.dtd">
<html xmlns="http://www.w3.org/1999/xhtml" xml:lang="en" lang="en">
 <head>
  <title>
</title>
<meta http-equiv="Content-Type" content="text/html;charset=utf-8" />
  <meta name='ocr-system' content='tesseract 3.04.00' />
  <meta name='ocr-capabilities' content='ocr_page ocr_carea ocr_par ocr_line ocrx_word'/>
</head>
<body>
  <div class='ocr_page' id='page_1' title='image "./fridericiritsch01wachgoog_0319.png"; bbox 0 0 2924 5046; ppageno 0'>
   <div class='ocr_carea' id='block_1_1' title="bbox 465 317 1310 382">
    <p class='ocr_par' dir='ltr' id='par_1_1' title="bbox 465 317 1310 382">
     <span class='ocr_line' id='line_1_1' title="bbox 465 317 1310 382; baseline 0.006 -5"><span class='ocrx_word' id='word_1_1' title='bbox 465 330 679 379; x_wconf 77' lang='lat' dir='ltr'>rnavannvn</span> <span class='ocrx_word' id='word_1_2' title='bbox 703 331 1014 379; x_wconf 73' lang='lat' dir='ltr'>rnannrmrrravn.</span> <span class='ocrx_word' id='word_1_3' title='bbox 1245 317 1310 382; x_wconf 80' lang='lat'>293</span> 
     </span>
    </p>
   </div>
   <div class='ocr_carea' id='block_1_2' title="bbox 34 473 1313 4508">
    <p class='ocr_par' dir='ltr' id='par_1_2' title="bbox 124 473 1310 559">
     <span class='ocr_line' id='line_1_2' title="bbox 124 473 1310 559; baseline 0.002 -18"><span class='ocrx_word' id='word_1_4' title='bbox 124 480 231 541; x_wconf 77' lang='lat' dir='ltr'>tire</span> <span class='ocrx_word' id='word_1_5' title='bbox 258 494 326 538; x_wconf 75' lang='lat' dir='ltr'>nrm</span> <span class='ocrx_word' id='word_1_6' title='bbox 355 474 552 539; x_wconf 79' lang='lat' dir='ltr'>Bentleianis</span> <span class='ocrx_word' id='word_1_7' title='bbox 581 473 746 538; x_wconf 88' lang='lat' dir='ltr'>dictitent:</span> <span class='ocrx_word' id='word_1_8' title='bbox 778 474 871 557; x_wconf 83' lang='lat' dir='ltr'>quasi</span> <span class='ocrx_word' id='word_1_9' title='bbox 900 496 965 538; x_wconf 93' lang='lat' dir='ltr'>non</span> <span class='ocrx_word' id='word_1_10' title='bbox 996 476 1101 540; x_wconf 90' lang='lat' dir='ltr'>bonae</span> <span class='ocrx_word' id='word_1_11' title='bbox 1133 476 1310 559; x_wconf 74' lang='lat' dir='ltr'><strong>scripturae</strong></span> 
     </span>
    </p>

    <p class='ocr_par' dir='ltr' id='par_1_3' title="bbox 69 580 1313 4404">
     <span class='ocr_line' id='line_1_3' title="bbox 81 580 1311 673; baseline 0 -26"><span class='ocrx_word' id='word_1_12' title='bbox 81 662 88 673; x_wconf 86' lang='lat'><strong>.</strong></span> <span class='ocrx_word' id='word_1_13' title='bbox 129 604 244 648; x_wconf 78' lang='lat' dir='ltr'>uum</span> <span class='ocrx_word' id='word_1_14' title='bbox 270 581 305 645; x_wconf 89' lang='lat' dir='ltr'>in</span> <span class='ocrx_word' id='word_1_15' title='bbox 334 580 493 664; x_wconf 88' lang='lat' dir='ltr'>pessimos</span> <span class='ocrx_word' id='word_1_16' title='bbox 528 580 690 645; x_wconf 89' lang='lat' dir='ltr'>interdum</span> <span class='ocrx_word' id='word_1_17' title='bbox 721 580 845 645; x_wconf 87' lang='lat' dir='ltr'>codices</span> <span class='ocrx_word' id='word_1_18' title='bbox 876 581 1013 646; x_wconf 89' lang='lat' dir='ltr'>fortuito</span> <span class='ocrx_word' id='word_1_19' title='bbox 1043 582 1201 666; x_wconf 83' lang='lat' dir='ltr'>irrepant,</span> <span class='ocrx_word' id='word_1_20' title='bbox 1241 587 1311 647; x_wconf 88' lang='lat' dir='ltr'>tum</span> 
     </span>
     <span class='ocr_line' id='line_1_4' title="bbox 132 687 1313 772; baseline 0.003 -20"><span class='ocrx_word' id='word_1_21' title='bbox 132 707 287 772; x_wconf 72' lang='lat' dir='ltr'>magno</span> <span class='ocrx_word' id='word_1_22' title='bbox 315 707 393 751; x_wconf 84' lang='lat' dir='ltr'>sane</span> <span class='ocrx_word' id='word_1_23' title='bbox 420 708 554 750; x_wconf 91' lang='lat' dir='ltr'>numero</span> <span class='ocrx_word' id='word_1_24' title='bbox 581 687 763 751; x_wconf 88' lang='lat' dir='ltr'>necessario</span> <span class='ocrx_word' id='word_1_25' title='bbox 791 709 977 752; x_wconf 88' lang='lat' dir='ltr'>communes</span> <span class='ocrx_word' id='word_1_26' title='bbox 1003 689 1217 771; x_wconf 90' lang='lat' dir='ltr'>pessimorum</span> <span class='ocrx_word' id='word_1_27' title='bbox 1246 689 1313 757; x_wconf 90' lang='lat' dir='ltr'>sint</span> 
     </span>
     <span class='ocr_line' id='line_1_5' title="bbox 130 782 1313 876; baseline 0.004 -20"><span class='ocrx_word' id='word_1_28' title='bbox 130 814 244 856; x_wconf 79' lang='lat' dir='ltr'>cunr</span> <span class='ocrx_word' id='word_1_29' title='bbox 261 782 410 875; x_wconf 78' lang='lat' dir='ltr'>optimis:</span> <span class='ocrx_word' id='word_1_30' title='bbox 438 791 532 875; x_wconf 85' lang='lat' dir='ltr'>quasi</span> <span class='ocrx_word' id='word_1_31' title='bbox 560 813 635 856; x_wconf 85' lang='lat' dir='ltr'>rero</span> <span class='ocrx_word' id='word_1_32' title='bbox 658 814 725 856; x_wconf 93' lang='lat' dir='ltr'>non</span> <span class='ocrx_word' id='word_1_33' title='bbox 748 793 893 876; x_wconf 92' lang='lat' dir='ltr'>ipsorum</span> <span class='ocrx_word' id='word_1_34' title='bbox 916 794 1136 859; x_wconf 80' lang='lat' dir='ltr'>diversissima</span> <span class='ocrx_word' id='word_1_35' title='bbox 1158 796 1244 861; x_wconf 89' lang='lat' dir='ltr'>ratio</span> <span class='ocrx_word' id='word_1_36' title='bbox 1268 797 1313 861; x_wconf 86' lang='lat' dir='ltr'>sit</span> 
     </span>
     <span class='ocr_line' id='line_1_6' title="bbox 128 894 1311 983; baseline 0.008 -25"><span class='ocrx_word' id='word_1_37' title='bbox 128 894 432 963; x_wconf 81' lang='lat' dir='ltr'>Bentleianorum</span> <span class='ocrx_word' id='word_1_38' title='bbox 456 897 625 962; x_wconf 84' lang='lat' dir='ltr'>librorum:</span> <span class='ocrx_word' id='word_1_39' title='bbox 658 898 750 982; x_wconf 83' lang='lat' dir='ltr'>quasi</span> <span class='ocrx_word' id='word_1_40' title='bbox 778 899 915 983; x_wconf 92' lang='lat' dir='ltr'>denique</span> <span class='ocrx_word' id='word_1_41' title='bbox 943 922 1053 964; x_wconf 92' lang='lat' dir='ltr'>eorum</span> <span class='ocrx_word' id='word_1_42' title='bbox 1081 902 1167 966; x_wconf 89' lang='lat' dir='ltr'>ullus</span> <span class='ocrx_word' id='word_1_43' title='bbox 1191 903 1242 967; x_wconf 84' lang='lat' dir='ltr'>vel</span> <span class='ocrx_word' id='word_1_44' title='bbox 1265 902 1311 967; x_wconf 92' lang='lat' dir='ltr'>di·</span> 
     </span>
     <span class='ocr_line' id='line_1_7' title="bbox 121 994 1310 1092; baseline 0.007 -27"><span class='ocrx_word' id='word_1_45' title='bbox 121 1002 318 1068; x_wconf 79' lang='lat' dir='ltr'>stinctius</span> <span class='ocrx_word' id='word_1_46' title='bbox 342 1002 522 1087; x_wconf 85' lang='lat' dir='ltr'>descriptus</span> <span class='ocrx_word' id='word_1_47' title='bbox 546 1005 596 1068; x_wconf 84' lang='lat' dir='ltr'>rel</span> <span class='ocrx_word' id='word_1_48' title='bbox 620 1005 805 1090; x_wconf 83' lang='lat' dir='ltr'>religiosius</span> <span class='ocrx_word' id='word_1_49' title='bbox 828 1006 873 1070; x_wconf 89' lang='lat' dir='ltr'>sit</span> <span class='ocrx_word' id='word_1_50' title='bbox 895 994 1142 1092; x_wconf 84' lang='lat' dir='ltr'>pervestigatus.</span> <span class='ocrx_word' id='word_1_51' title='bbox 1188 1008 1310 1085; x_wconf 82' lang='lat' dir='ltr'>Quodsi</span> 
     </span>
     <span class='ocr_line' id='line_1_8' title="bbox 114 1106 1311 1194; baseline 0.006 -23"><span class='ocrx_word' id='word_1_52' title='bbox 114 1106 252 1173; x_wconf 72' lang='lat' dir='ltr'>forte</span> <span class='ocrx_word' id='word_1_53' title='bbox 273 1109 358 1174; x_wconf 85' lang='lat' dir='ltr'>inter</span> <span class='ocrx_word' id='word_1_54' title='bbox 380 1110 483 1174; x_wconf 88' lang='lat' dir='ltr'>libros</span> <span class='ocrx_word' id='word_1_55' title='bbox 507 1132 582 1174; x_wconf 88' lang='lat' dir='ltr'>mss.</span> <span class='ocrx_word' id='word_1_56' title='bbox 607 1133 688 1194; x_wconf 89' lang='lat' dir='ltr'>quos</span> <span class='ocrx_word' id='word_1_57' title='bbox 712 1134 809 1194; x_wconf 89' lang='lat' dir='ltr'>supra</span> <span class='ocrx_word' id='word_1_58' title='bbox 832 1114 1051 1178; x_wconf 80' lang='lat' dir='ltr'>recensuimus</span> <span class='ocrx_word' id='word_1_59' title='bbox 1075 1114 1202 1179; x_wconf 81' lang='lat' dir='ltr'>circiter</span> <span class='ocrx_word' id='word_1_60' title='bbox 1225 1116 1311 1178; x_wconf 90' lang='lat' dir='ltr'>oeto-</span> 
     </span>
     <span class='ocr_line' id='line_1_9' title="bbox 104 1215 1310 1303; baseline 0.001 -21"><span class='ocrx_word' id='word_1_61' title='bbox 104 1215 262 1296; x_wconf 75' lang='lat' dir='ltr'>gina</span> <span class='ocrx_word' id='word_1_62' title='bbox 285 1240 370 1282; x_wconf 89' lang='lat' dir='ltr'>unus</span> <span class='ocrx_word' id='word_1_63' title='bbox 398 1220 432 1282; x_wconf 88' lang='lat' dir='ltr'>et</span> <span class='ocrx_word' id='word_1_64' title='bbox 459 1218 538 1281; x_wconf 90' lang='lat' dir='ltr'>item</span> <span class='ocrx_word' id='word_1_65' title='bbox 562 1218 646 1281; x_wconf 91' lang='lat' dir='ltr'>alter</span> <span class='ocrx_word' id='word_1_66' title='bbox 669 1221 774 1283; x_wconf 90' lang='lat' dir='ltr'>exstet</span> <span class='ocrx_word' id='word_1_67' title='bbox 796 1220 847 1282; x_wconf 85' lang='lat' dir='ltr'>vel</span> <span class='ocrx_word' id='word_1_68' title='bbox 871 1220 1065 1303; x_wconf 74' lang='lat' dir='ltr'>antiquitate</span> <span class='ocrx_word' id='word_1_69' title='bbox 1088 1220 1140 1285; x_wconf 85' lang='lat' dir='ltr'>rel</span> <span class='ocrx_word' id='word_1_70' title='bbox 1164 1220 1310 1284; x_wconf 87' lang='lat' dir='ltr'>bonitate</span> 
     </span>
     <span class='ocr_line' id='line_1_10' title="bbox 97 1322 1310 1410; baseline 0.005 -28"><span class='ocrx_word' id='word_1_71' title='bbox 97 1324 290 1389; x_wconf 76' lang='lat' dir='ltr'>ceteros</span> <span class='ocrx_word' id='word_1_72' title='bbox 308 1324 481 1408; x_wconf 87' lang='lat' dir='ltr'>plerosque</span> <span class='ocrx_word' id='word_1_73' title='bbox 501 1346 657 1408; x_wconf 88' lang='lat' dir='ltr'>superans</span> <span class='ocrx_word' id='word_1_74' title='bbox 675 1322 876 1410; x_wconf 86' lang='lat' dir='ltr'>(quanquam</span> <span class='ocrx_word' id='word_1_75' title='bbox 894 1325 956 1391; x_wconf 91' lang='lat' dir='ltr'>hoe</span> <span class='ocrx_word' id='word_1_76' title='bbox 974 1326 1081 1409; x_wconf 88' lang='lat' dir='ltr'>ipsum</span> <span class='ocrx_word' id='word_1_77' title='bbox 1102 1348 1165 1409; x_wconf 91' lang='lat' dir='ltr'>qua</span> <span class='ocrx_word' id='word_1_78' title='bbox 1183 1326 1310 1390; x_wconf 92' lang='lat' dir='ltr'>ratione</span> 
     </span>
     <span class='ocr_line' id='line_1_11' title="bbox 92 1430 1311 1516; baseline 0.005 -26"><span class='ocrx_word' id='word_1_79' title='bbox 92 1444 272 1505; x_wconf 82' lang='lat' dir='ltr'>quove</span> <span class='ocrx_word' id='word_1_80' title='bbox 298 1430 368 1494; x_wconf 87' lang='lat' dir='ltr'>iure</span> <span class='ocrx_word' id='word_1_81' title='bbox 396 1452 435 1494; x_wconf 89' lang='lat' dir='ltr'>ex</span> <span class='ocrx_word' id='word_1_82' title='bbox 459 1431 545 1495; x_wconf 85' lang='lat' dir='ltr'>binis</span> <span class='ocrx_word' id='word_1_83' title='bbox 567 1431 710 1496; x_wconf 85' lang='lat' dir='ltr'>ternisve</span> <span class='ocrx_word' id='word_1_84' title='bbox 733 1432 784 1495; x_wconf 80' lang='lat' dir='ltr'>vel</span> <span class='ocrx_word' id='word_1_85' title='bbox 808 1433 907 1497; x_wconf 89' lang='lat' dir='ltr'>etiam</span> <span class='ocrx_word' id='word_1_86' title='bbox 930 1433 1030 1496; x_wconf 87' lang='lat' dir='ltr'>nullis</span> <span class='ocrx_word' id='word_1_87' title='bbox 1055 1433 1235 1516; x_wconf 82' lang='lat' dir='ltr'>scripturae</span> <span class='ocrx_word' id='word_1_88' title='bbox 1258 1455 1311 1496; x_wconf 83' lang='lat' dir='ltr'>ex-</span> 
     </span>
     <span class='ocr_line' id='line_1_12' title="bbox 83 1535 1311 1626; baseline 0.006 -29"><span class='ocrx_word' id='word_1_89' title='bbox 83 1537 281 1620; x_wconf 70' lang='lat' dir='ltr'>empus</span> <span class='ocrx_word' id='word_1_90' title='bbox 304 1560 361 1621; x_wconf 91' lang='lat' dir='ltr'>per</span> <span class='ocrx_word' id='word_1_91' title='bbox 374 1535 507 1603; x_wconf 84' lang='lat' dir='ltr'>CLXVI</span> <span class='ocrx_word' id='word_1_92' title='bbox 530 1560 644 1603; x_wconf 83' lang='lat' dir='ltr'>versus</span> <span class='ocrx_word' id='word_1_93' title='bbox 668 1539 778 1603; x_wconf 87' lang='lat' dir='ltr'>allatis</span> <span class='ocrx_word' id='word_1_94' title='bbox 802 1540 984 1626; x_wconf 69' lang='lat' dir='ltr'>colligast),</span> <span class='ocrx_word' id='word_1_95' title='bbox 1007 1544 1117 1605; x_wconf 91' lang='lat' dir='ltr'>tamen</span> <span class='ocrx_word' id='word_1_96' title='bbox 1140 1540 1217 1624; x_wconf 94' lang='lat' dir='ltr'>quid</span> <span class='ocrx_word' id='word_1_97' title='bbox 1240 1543 1311 1604; x_wconf 92' lang='lat' dir='ltr'>tan·</span> 
     </span>
     <span class='ocr_line' id='line_1_13' title="bbox 76 1633 1310 1730; baseline 0.002 -23"><span class='ocrx_word' id='word_1_98' title='bbox 76 1633 242 1707; x_wconf 75' lang='lat' dir='ltr'>dem</span> <span class='ocrx_word' id='word_1_99' title='bbox 262 1645 357 1709; x_wconf 90' lang='lat' dir='ltr'>celati</span> <span class='ocrx_word' id='word_1_100' title='bbox 380 1648 517 1728; x_wconf 88' lang='lat' dir='ltr'>prosunt</span> <span class='ocrx_word' id='word_1_101' title='bbox 538 1645 685 1711; x_wconf 88' lang='lat' dir='ltr'>thesauri</span> <span class='ocrx_word' id='word_1_102' title='bbox 708 1646 776 1711; x_wconf 85' lang='lat' dir='ltr'>sire</span> <span class='ocrx_word' id='word_1_103' title='bbox 800 1647 840 1710; x_wconf 93' lang='lat' dir='ltr'>ad</span> <span class='ocrx_word' id='word_1_104' title='bbox 863 1646 971 1730; x_wconf 88' lang='lat' dir='ltr'>ipsum</span> <span class='ocrx_word' id='word_1_105' title='bbox 989 1650 1120 1730; x_wconf 89' lang='lat' dir='ltr'>poetam</span> <span class='ocrx_word' id='word_1_106' title='bbox 1140 1646 1310 1710; x_wconf 90' lang='lat' dir='ltr'>emendan-</span> 
     </span>
     <span class='ocr_line' id='line_1_14' title="bbox 74 1731 1311 1837; baseline 0.001 -23"><span class='ocrx_word' id='word_1_107' title='bbox 74 1737 246 1814; x_wconf 78' lang='lat' dir='ltr'>dum</span> <span class='ocrx_word' id='word_1_108' title='bbox 270 1749 338 1816; x_wconf 84' lang='lat' dir='ltr'>sire</span> <span class='ocrx_word' id='word_1_109' title='bbox 366 1752 407 1816; x_wconf 87' lang='lat' dir='ltr'>ad</span> <span class='ocrx_word' id='word_1_110' title='bbox 434 1773 512 1816; x_wconf 88' lang='lat' dir='ltr'>mss.</span> <span class='ocrx_word' id='word_1_111' title='bbox 534 1755 635 1816; x_wconf 89' lang='lat' dir='ltr'>testes</span> <span class='ocrx_word' id='word_1_112' title='bbox 663 1752 698 1816; x_wconf 94' lang='lat' dir='ltr'>in</span> <span class='ocrx_word' id='word_1_113' title='bbox 726 1774 843 1837; x_wconf 84' lang='lat' dir='ltr'>genera</span> <span class='ocrx_word' id='word_1_114' title='bbox 867 1757 899 1817; x_wconf 92' lang='lat' dir='ltr'>et</span> <span class='ocrx_word' id='word_1_115' title='bbox 922 1731 1044 1817; x_wconf 78' lang='lat' dir='ltr'>classes</span> <span class='ocrx_word' id='word_1_116' title='bbox 1067 1752 1222 1836; x_wconf 88' lang='lat' dir='ltr'>quasdam</span> <span class='ocrx_word' id='word_1_117' title='bbox 1246 1751 1311 1815; x_wconf 86' lang='lat' dir='ltr'>dis-</span> 
     </span>
     <span class='ocr_line' id='line_1_15' title="bbox 71 1856 1311 1934; baseline -0.001 -11"><span class='ocrx_word' id='word_1_118' title='bbox 71 1856 373 1923; x_wconf 71' lang='lat' dir='ltr'>perdendos?</span> <span class='ocrx_word' id='word_1_119' title='bbox 411 1858 504 1934; x_wconf 85' lang='lat' dir='ltr'>Quod</span> <span class='ocrx_word' id='word_1_120' title='bbox 527 1881 600 1923; x_wconf 90' lang='lat' dir='ltr'>eum</span> <span class='ocrx_word' id='word_1_121' title='bbox 619 1858 843 1924; x_wconf 78' lang='lat' dir='ltr'>firmissimum</span> <span class='ocrx_word' id='word_1_122' title='bbox 867 1881 936 1923; x_wconf 88' lang='lat' dir='ltr'>esse</span> <span class='ocrx_word' id='word_1_123' title='bbox 960 1858 1092 1924; x_wconf 87' lang='lat' dir='ltr'>criticae</span> <span class='ocrx_word' id='word_1_124' title='bbox 1115 1858 1196 1922; x_wconf 92' lang='lat' dir='ltr'>artis</span> <span class='ocrx_word' id='word_1_125' title='bbox 1217 1858 1311 1923; x_wconf 89' lang='lat' dir='ltr'>facti·</span> 
     </span>
     <span class='ocr_line' id='line_1_16' title="bbox 69 1950 1311 2050; baseline 0.002 -26"><span class='ocrx_word' id='word_1_126' title='bbox 69 1950 283 2030; x_wconf 67' lang='lat' dir='ltr'>tandm</span> <span class='ocrx_word' id='word_1_127' title='bbox 311 1964 556 2031; x_wconf 88' lang='lat' dir='ltr'>fundamentum</span> <span class='ocrx_word' id='word_1_128' title='bbox 585 1968 703 2050; x_wconf 88' lang='lat' dir='ltr'>soleat,</span> <span class='ocrx_word' id='word_1_129' title='bbox 735 1967 770 2031; x_wconf 93' lang='lat' dir='ltr'>in</span> <span class='ocrx_word' id='word_1_130' title='bbox 796 1967 887 2031; x_wconf 91' lang='lat' dir='ltr'>nulla</span> <span class='ocrx_word' id='word_1_131' title='bbox 915 1971 1026 2031; x_wconf 90' lang='lat' dir='ltr'>tamen</span> <span class='ocrx_word' id='word_1_132' title='bbox 1049 1988 1083 2030; x_wconf 92' lang='lat' dir='ltr'>re</span> <span class='ocrx_word' id='word_1_133' title='bbox 1106 1964 1212 2049; x_wconf 84' lang='lat' dir='ltr'>magis</span> <span class='ocrx_word' id='word_1_134' title='bbox 1236 1964 1311 2028; x_wconf 91' lang='lat' dir='ltr'>fluc-</span> 
     </span>
     <span class='ocr_line' id='line_1_17' title="bbox 70 2056 1309 2157; baseline -0.002 -21"><span class='ocrx_word' id='word_1_135' title='bbox 70 2056 259 2136; x_wconf 60' lang='lat' dir='ltr'>tuare</span> <span class='ocrx_word' id='word_1_136' title='bbox 284 2077 317 2136; x_wconf 90' lang='lat' dir='ltr'>et</span> <span class='ocrx_word' id='word_1_137' title='bbox 344 2072 536 2137; x_wconf 87' lang='lat' dir='ltr'>hariolando</span> <span class='ocrx_word' id='word_1_138' title='bbox 564 2072 679 2157; x_wconf 81' lang='lat' dir='ltr'>vagari</span> <span class='ocrx_word' id='word_1_139' title='bbox 702 2072 845 2137; x_wconf 82' lang='lat' dir='ltr'>Terentii</span> <span class='ocrx_word' id='word_1_140' title='bbox 874 2073 1013 2138; x_wconf 87' lang='lat' dir='ltr'>editores</span> <span class='ocrx_word' id='word_1_141' title='bbox 1041 2073 1161 2138; x_wconf 85' lang='lat' dir='ltr'>videas.</span> <span class='ocrx_word' id='word_1_142' title='bbox 1206 2070 1309 2136; x_wconf 88' lang='lat' dir='ltr'>Nobis</span> 
     </span>
     <span class='ocr_line' id='line_1_18' title="bbox 70 2159 1310 2264; baseline -0.005 -16"><span class='ocrx_word' id='word_1_143' title='bbox 70 2159 280 2263; x_wconf 71' lang='lat' dir='ltr'>igitur,</span> <span class='ocrx_word' id='word_1_144' title='bbox 303 2201 370 2264; x_wconf 93' lang='lat' dir='ltr'>quo</span> <span class='ocrx_word' id='word_1_145' title='bbox 390 2200 476 2244; x_wconf 88' lang='lat' dir='ltr'>nunc</span> <span class='ocrx_word' id='word_1_146' title='bbox 498 2201 550 2244; x_wconf 87' lang='lat' dir='ltr'>res</span> <span class='ocrx_word' id='word_1_147' title='bbox 573 2179 645 2244; x_wconf 88' lang='lat' dir='ltr'>loco</span> <span class='ocrx_word' id='word_1_148' title='bbox 669 2183 734 2264; x_wconf 88' lang='lat' dir='ltr'>est,</span> <span class='ocrx_word' id='word_1_149' title='bbox 758 2179 834 2262; x_wconf 93' lang='lat' dir='ltr'>quid</span> <span class='ocrx_word' id='word_1_150' title='bbox 858 2180 982 2262; x_wconf 90' lang='lat' dir='ltr'>putatis</span> <span class='ocrx_word' id='word_1_151' title='bbox 1006 2180 1094 2244; x_wconf 91' lang='lat' dir='ltr'>aliud</span> <span class='ocrx_word' id='word_1_152' title='bbox 1117 2178 1310 2261; x_wconf 80' lang='lat' dir='ltr'>faciendum,</span> 
     </span>
     <span class='ocr_line' id='line_1_19' title="bbox 70 2272 1309 2371; baseline 0 -23"><span class='ocrx_word' id='word_1_153' title='bbox 70 2272 232 2347; x_wconf 70' lang='lat' dir='ltr'>nisi</span> <span class='ocrx_word' id='word_1_154' title='bbox 262 2289 298 2350; x_wconf 93' lang='lat' dir='ltr'>ut</span> <span class='ocrx_word' id='word_1_155' title='bbox 323 2286 562 2369; x_wconf 87' lang='lat' dir='ltr'>praetermissis</span> <span class='ocrx_word' id='word_1_156' title='bbox 595 2286 740 2370; x_wconf 88' lang='lat' dir='ltr'>priorum</span> <span class='ocrx_word' id='word_1_157' title='bbox 768 2286 928 2351; x_wconf 89' lang='lat' dir='ltr'>editorum</span> <span class='ocrx_word' id='word_1_158' title='bbox 956 2287 1058 2371; x_wconf 86' lang='lat' dir='ltr'>copiis</span> <span class='ocrx_word' id='word_1_159' title='bbox 1091 2286 1242 2351; x_wconf 88' lang='lat' dir='ltr'>omnibus</span> <span class='ocrx_word' id='word_1_160' title='bbox 1274 2285 1309 2348; x_wconf 92' lang='lat' dir='ltr'>in</span> 
     </span>
     <span class='ocr_line' id='line_1_20' title="bbox 73 2390 1308 2488; baseline -0.002 -31"><span class='ocrx_word' id='word_1_161' title='bbox 73 2390 300 2488; x_wconf 50' lang='lat' dir='ltr'>posuis,</span> <span class='ocrx_word' id='word_1_162' title='bbox 322 2392 361 2457; x_wconf 88' lang='lat' dir='ltr'>de</span> <span class='ocrx_word' id='word_1_163' title='bbox 385 2392 503 2477; x_wconf 89' lang='lat' dir='ltr'>quibus</span> <span class='ocrx_word' id='word_1_164' title='bbox 528 2393 607 2457; x_wconf 85' lang='lat' dir='ltr'>solis</span> <span class='ocrx_word' id='word_1_165' title='bbox 630 2393 725 2476; x_wconf 89' lang='lat' dir='ltr'>plene</span> <span class='ocrx_word' id='word_1_166' title='bbox 748 2397 888 2477; x_wconf 85' lang='lat' dir='ltr'>constet,</span> <span class='ocrx_word' id='word_1_167' title='bbox 916 2393 1154 2458; x_wconf 82' lang='lat' dir='ltr'>subsistamus?</span> <span class='ocrx_word' id='word_1_168' title='bbox 1199 2392 1308 2478; x_wconf 87' lang='lat' dir='ltr'>Atque</span> 
     </span>
     <span class='ocr_line' id='line_1_21' title="bbox 76 2497 1307 2586; baseline -0.003 -21"><span class='ocrx_word' id='word_1_169' title='bbox 76 2497 160 2550; x_wconf 76' lang='lat'>²11</span> <span class='ocrx_word' id='word_1_170' title='bbox 224 2504 366 2565; x_wconf 84' lang='lat' dir='ltr'>mentem</span> <span class='ocrx_word' id='word_1_171' title='bbox 389 2500 481 2565; x_wconf 85' lang='lat' dir='ltr'>venit</span> <span class='ocrx_word' id='word_1_172' title='bbox 503 2499 754 2586; x_wconf 83' lang='lat' dir='ltr'>Boettigeranae</span> <span class='ocrx_word' id='word_1_173' title='bbox 778 2499 1023 2584; x_wconf 85' lang='lat' dir='ltr'>disputationis,</span> <span class='ocrx_word' id='word_1_174' title='bbox 1047 2523 1110 2584; x_wconf 90' lang='lat' dir='ltr'>qua</span> <span class='ocrx_word' id='word_1_175' title='bbox 1134 2499 1214 2562; x_wconf 86' lang='lat' dir='ltr'>duas</span> <span class='ocrx_word' id='word_1_176' title='bbox 1236 2520 1307 2562; x_wconf 80' lang='lat' dir='ltr'>esre</span> 
     </span>
     <span class='ocr_line' id='line_1_22' title="bbox 81 2600 1308 2691; baseline -0.002 -20"><span class='ocrx_word' id='word_1_177' title='bbox 81 2600 310 2671; x_wconf 57' lang='lat' dir='ltr'>eodicum</span> <span class='ocrx_word' id='word_1_178' title='bbox 324 2605 594 2673; x_wconf 86' lang='lat' dir='ltr'>Terentianorum</span> <span class='ocrx_word' id='word_1_179' title='bbox 612 2606 756 2674; x_wconf 88' lang='lat' dir='ltr'>familias</span> <span class='ocrx_word' id='word_1_180' title='bbox 775 2628 950 2691; x_wconf 91' lang='lat' dir='ltr'>eorumque</span> <span class='ocrx_word' id='word_1_181' title='bbox 968 2608 1078 2691; x_wconf 89' lang='lat' dir='ltr'>capita</span> <span class='ocrx_word' id='word_1_182' title='bbox 1096 2609 1129 2671; x_wconf 89' lang='lat' dir='ltr'>et</span> <span class='ocrx_word' id='word_1_183' title='bbox 1147 2605 1308 2684; x_wconf 79' lang='grc' dir='ltr'>ἀρχηγοῦ(</span> 
     </span>
     <span class='ocr_line' id='line_1_23' title="bbox 82 2686 1307 2798; baseline 0 -22"><span class='ocrx_word' id='word_1_184' title='bbox 82 2686 356 2779; x_wconf 75' lang='lat' dir='ltr'>Bembinum</span> <span class='ocrx_word' id='word_1_185' title='bbox 384 2717 482 2798; x_wconf 87' lang='lat' dir='ltr'>atque</span> <span class='ocrx_word' id='word_1_186' title='bbox 504 2713 632 2780; x_wconf 89' lang='lat' dir='ltr'>Bentlei</span> <span class='ocrx_word' id='word_1_187' title='bbox 655 2712 958 2798; x_wconf 74' lang='lat' dir='ltr'>Cantabrigiensem</span> <span class='ocrx_word' id='word_1_188' title='bbox 988 2714 1206 2779; x_wconf 87' lang='lat' dir='ltr'>academicum</span> <span class='ocrx_word' id='word_1_189' title='bbox 1234 2735 1307 2796; x_wconf 91' lang='lat' dir='ltr'>pro-</span> 
     </span>
     <span class='ocr_line' id='line_1_24' title="bbox 89 2817 1308 2905; baseline 0.001 -23"><span class='ocrx_word' id='word_1_190' title='bbox 89 2817 324 2885; x_wconf 72' lang='lat' dir='ltr'>nuntiavit</span> <span class='ocrx_word' id='word_1_191' title='bbox 351 2820 468 2905; x_wconf 79' lang='lat' dir='ltr'>Opuse</span> <span class='ocrx_word' id='word_1_192' title='bbox 502 2843 532 2903; x_wconf 89' lang='lat' dir='ltr'>p.</span> <span class='ocrx_word' id='word_1_193' title='bbox 555 2820 629 2885; x_wconf 80' lang='lat'>242.</span> <span class='ocrx_word' id='word_1_194' title='bbox 676 2819 775 2885; x_wconf 71' lang='lat' dir='ltr'>(iuius</span> <span class='ocrx_word' id='word_1_195' title='bbox 806 2821 968 2885; x_wconf 87' lang='lat' dir='ltr'>sententia</span> <span class='ocrx_word' id='word_1_196' title='bbox 995 2842 1070 2904; x_wconf 88' lang='lat' dir='ltr'>pars</span> <span class='ocrx_word' id='word_1_197' title='bbox 1099 2820 1204 2884; x_wconf 88' lang='lat' dir='ltr'>altera</span> <span class='ocrx_word' id='word_1_198' title='bbox 1230 2841 1308 2883; x_wconf 85' lang='lat' dir='ltr'>vera</span> 
     </span>
     <span class='ocr_line' id='line_1_25' title="bbox 106 2922 1306 3011; baseline -0.001 -20"><span class='ocrx_word' id='word_1_199' title='bbox 106 2922 227 3004; x_wconf 62' lang='lat' dir='ltr'>est,</span> <span class='ocrx_word' id='word_1_200' title='bbox 250 2927 332 2992; x_wconf 86' lang='lat' dir='ltr'>falsa</span> <span class='ocrx_word' id='word_1_201' title='bbox 354 2928 469 2992; x_wconf 85' lang='lat' dir='ltr'>altera.</span> <span class='ocrx_word' id='word_1_202' title='bbox 506 2927 590 3004; x_wconf 82' lang='lat' dir='ltr'>Quid</span> <span class='ocrx_word' id='word_1_203' title='bbox 613 2931 664 2991; x_wconf 89' lang='lat' dir='ltr'>est</span> <span class='ocrx_word' id='word_1_204' title='bbox 687 2927 782 3011; x_wconf 86' lang='lat' dir='ltr'>enim,</span> <span class='ocrx_word' id='word_1_205' title='bbox 806 2949 862 2992; x_wconf 88' lang='lat' dir='ltr'>our</span> <span class='ocrx_word' id='word_1_206' title='bbox 884 2929 936 2992; x_wconf 81' lang='lat' dir='ltr'>vel</span> <span class='ocrx_word' id='word_1_207' title='bbox 960 2928 1044 2991; x_wconf 93' lang='lat' dir='ltr'>inter</span> <span class='ocrx_word' id='word_1_208' title='bbox 1066 2927 1155 3010; x_wconf 89' lang='lat' dir='ltr'>ipsos</span> <span class='ocrx_word' id='word_1_209' title='bbox 1178 2927 1306 2991; x_wconf 90' lang='lat' dir='ltr'>Bentle-</span> 
     </span>
     <span class='ocr_line' id='line_1_26' title="bbox 106 3012 1306 3117; baseline 0.003 -24"><span class='ocrx_word' id='word_1_210' title='bbox 106 3012 259 3099; x_wconf 58' lang='lat' dir='ltr'>i{anos</span> <span class='ocrx_word' id='word_1_211' title='bbox 288 3034 370 3100; x_wconf 90' lang='lat' dir='ltr'>adeo</span> <span class='ocrx_word' id='word_1_212' title='bbox 404 3033 544 3098; x_wconf 89' lang='lat' dir='ltr'>eminere</span> <span class='ocrx_word' id='word_1_213' title='bbox 576 3055 657 3097; x_wconf 88' lang='lat' dir='ltr'>unus</span> <span class='ocrx_word' id='word_1_214' title='bbox 690 3022 746 3097; x_wconf 85' lang='lat' dir='ltr'>ilie</span> <span class='ocrx_word' id='word_1_215' title='bbox 770 3034 981 3099; x_wconf 86' lang='lat' dir='ltr'>Academicus</span> <span class='ocrx_word' id='word_1_216' title='bbox 1013 3034 1183 3098; x_wconf 82' lang='lat' dir='ltr'>credatur?</span> <span class='ocrx_word' id='word_1_217' title='bbox 1221 3032 1306 3117; x_wconf 94' lang='lat' dir='ltr'>quod</span> 
     </span>
     <span class='ocr_line' id='line_1_27' title="bbox 115 3138 1305 3224; baseline -0.003 -18"><span class='ocrx_word' id='word_1_218' title='bbox 115 3139 260 3206; x_wconf 63' lang='lat' dir='ltr'>quale</span> <span class='ocrx_word' id='word_1_219' title='bbox 289 3142 333 3208; x_wconf 88' lang='lat' dir='ltr'>sit</span> <span class='ocrx_word' id='word_1_220' title='bbox 365 3161 534 3224; x_wconf 88' lang='lat' dir='ltr'>speramus</span> <span class='ocrx_word' id='word_1_221' title='bbox 565 3138 635 3203; x_wconf 90' lang='lat' dir='ltr'>fore</span> <span class='ocrx_word' id='word_1_222' title='bbox 666 3144 704 3204; x_wconf 92' lang='lat' dir='ltr'>ut</span> <span class='ocrx_word' id='word_1_223' title='bbox 734 3139 887 3206; x_wconf 88' lang='lat' dir='ltr'>Vestrum</span> <span class='ocrx_word' id='word_1_224' title='bbox 921 3140 1082 3224; x_wconf 91' lang='lat' dir='ltr'>quispiam</span> <span class='ocrx_word' id='word_1_225' title='bbox 1115 3139 1305 3222; x_wconf 87' lang='lat' dir='ltr'>explicatius</span> 
     </span>
     <span class='ocr_line' id='line_1_28' title="bbox 124 3245 1305 3332; baseline -0.003 -20"><span class='ocrx_word' id='word_1_226' title='bbox 124 3245 385 3332; x_wconf 65' lang='lat' dir='ltr'>persequatur.</span> <span class='ocrx_word' id='word_1_227' title='bbox 430 3246 572 3310; x_wconf 85' lang='lat' dir='ltr'>Rursum</span> <span class='ocrx_word' id='word_1_228' title='bbox 605 3249 713 3310; x_wconf 91' lang='lat' dir='ltr'>autem</span> <span class='ocrx_word' id='word_1_229' title='bbox 746 3246 821 3331; x_wconf 90' lang='lat' dir='ltr'>quid</span> <span class='ocrx_word' id='word_1_230' title='bbox 854 3251 916 3331; x_wconf 88' lang='lat' dir='ltr'>est,</span> <span class='ocrx_word' id='word_1_231' title='bbox 949 3269 1005 3311; x_wconf 92' lang='lat' dir='ltr'>cur</span> <span class='ocrx_word' id='word_1_232' title='bbox 1036 3268 1077 3310; x_wconf 90' lang='lat' dir='ltr'>ne</span> <span class='ocrx_word' id='word_1_233' title='bbox 1108 3245 1305 3329; x_wconf 90' lang='lat' dir='ltr'>reliquorum</span> 
     </span>
     <span class='ocr_line' id='line_1_29' title="bbox 130 3345 1306 3436; baseline -0.003 -17"><span class='ocrx_word' id='word_1_234' title='bbox 130 3345 293 3419; x_wconf 66' lang='lat' dir='ltr'>quidem</span> <span class='ocrx_word' id='word_1_235' title='bbox 324 3353 412 3419; x_wconf 87' lang='lat' dir='ltr'>ullus</span> <span class='ocrx_word' id='word_1_236' title='bbox 445 3353 486 3417; x_wconf 90' lang='lat' dir='ltr'>ab</span> <span class='ocrx_word' id='word_1_237' title='bbox 518 3352 592 3417; x_wconf 81' lang='lat' dir='ltr'>aliis</span> <span class='ocrx_word' id='word_1_238' title='bbox 624 3356 853 3436; x_wconf 88' lang='lat' dir='ltr'>usurpatorum</span> <span class='ocrx_word' id='word_1_239' title='bbox 886 3353 1035 3418; x_wconf 91' lang='lat' dir='ltr'>accedere</span> <span class='ocrx_word' id='word_1_240' title='bbox 1068 3353 1108 3416; x_wconf 91' lang='lat' dir='ltr'>ad</span> <span class='ocrx_word' id='word_1_241' title='bbox 1138 3350 1306 3417; x_wconf 84' lang='lat' dir='ltr'>Cantabri·</span> 
     </span>
     <span class='ocr_line' id='line_1_30' title="bbox 136 3441 1305 3543; baseline 0 -22"><span class='ocrx_word' id='word_1_242' title='bbox 136 3441 283 3523; x_wconf 68' lang='lat' dir='ltr'>aiensis</span> <span class='ocrx_word' id='word_1_243' title='bbox 305 3459 395 3525; x_wconf 85' lang='lat' dir='ltr'>illius</span> <span class='ocrx_word' id='word_1_244' title='bbox 419 3458 655 3543; x_wconf 86' lang='lat' dir='ltr'>praestantiam</span> <span class='ocrx_word' id='word_1_245' title='bbox 683 3458 771 3523; x_wconf 86' lang='lat' dir='ltr'>visus</span> <span class='ocrx_word' id='word_1_246' title='bbox 800 3459 866 3522; x_wconf 83' lang='lat' dir='ltr'>sit?</span> <span class='ocrx_word' id='word_1_247' title='bbox 912 3459 1060 3524; x_wconf 85' lang='lat' dir='ltr'>Breviter</span> <span class='ocrx_word' id='word_1_248' title='bbox 1086 3459 1193 3523; x_wconf 91' lang='lat' dir='ltr'>dicam</span> <span class='ocrx_word' id='word_1_249' title='bbox 1221 3458 1305 3541; x_wconf 93' lang='lat' dir='ltr'>quod</span> 
     </span>
     <span class='ocr_line' id='line_1_31' title="bbox 140 3562 1306 3650; baseline -0.005 -18"><span class='ocrx_word' id='word_1_250' title='bbox 140 3562 212 3618; x_wconf 72' lang='lat'>¹0⁸</span> <span class='ocrx_word' id='word_1_251' title='bbox 243 3569 296 3631; x_wconf 85' lang='lat' dir='ltr'>est</span> <span class='ocrx_word' id='word_1_252' title='bbox 332 3566 406 3632; x_wconf 90' lang='lat' dir='ltr'>Duo</span> <span class='ocrx_word' id='word_1_253' title='bbox 430 3568 506 3630; x_wconf 88' lang='lat' dir='ltr'>sunt</span> <span class='ocrx_word' id='word_1_254' title='bbox 528 3587 607 3630; x_wconf 89' lang='lat' dir='ltr'>sane</span> <span class='ocrx_word' id='word_1_255' title='bbox 630 3565 776 3631; x_wconf 92' lang='lat' dir='ltr'>codicum</span> <span class='ocrx_word' id='word_1_256' title='bbox 800 3586 926 3650; x_wconf 82' lang='lat' dir='ltr'>genera,</span> <span class='ocrx_word' id='word_1_257' title='bbox 950 3571 1006 3630; x_wconf 88' lang='lat' dir='ltr'>aut</span> <span class='ocrx_word' id='word_1_258' title='bbox 1028 3569 1104 3630; x_wconf 90' lang='lat' dir='ltr'>ante</span> <span class='ocrx_word' id='word_1_259' title='bbox 1123 3565 1306 3645; x_wconf 79' lang='lat' dir='ltr'>Calliopii</span> 
     </span>
     <span class='ocr_line' id='line_1_32' title="bbox 147 3668 1305 3757; baseline -0.004 -18"><span class='ocrx_word' id='word_1_260' title='bbox 147 3668 381 3739; x_wconf 56' lang='lat' dir='ltr'>moenianum</span> <span class='ocrx_word' id='word_1_261' title='bbox 414 3673 610 3757; x_wconf 87' lang='lat' dir='ltr'>scriptorum</span> <span class='ocrx_word' id='word_1_262' title='bbox 643 3676 699 3736; x_wconf 91' lang='lat' dir='ltr'>aut</span> <span class='ocrx_word' id='word_1_263' title='bbox 734 3695 772 3736; x_wconf 82' lang='lat' dir='ltr'>ex</span> <span class='ocrx_word' id='word_1_264' title='bbox 805 3694 843 3736; x_wconf 91' lang='lat' dir='ltr'>ea</span> <span class='ocrx_word' id='word_1_265' title='bbox 875 3673 948 3755; x_wconf 90' lang='lat' dir='ltr'>ipsa</span> <span class='ocrx_word' id='word_1_266' title='bbox 980 3672 1157 3737; x_wconf 88' lang='lat' dir='ltr'>ductorum.</span> <span class='ocrx_word' id='word_1_267' title='bbox 1212 3669 1305 3735; x_wconf 91' lang='lat' dir='ltr'>Illius</span> 
     </span>
     <span class='ocr_line' id='line_1_33' title="bbox 150 3775 1304 3866; baseline 0.004 -29"><span class='ocrx_word' id='word_1_268' title='bbox 150 3775 289 3844; x_wconf 57' lang='lat' dir='ltr'>ssssncris</span> <span class='ocrx_word' id='word_1_269' title='bbox 311 3779 411 3866; x_wconf 84' lang='lat' dir='ltr'>longe</span> <span class='ocrx_word' id='word_1_270' title='bbox 434 3779 578 3844; x_wconf 91' lang='lat' dir='ltr'>omnium</span> <span class='ocrx_word' id='word_1_271' title='bbox 602 3779 848 3863; x_wconf 86' lang='lat' dir='ltr'>antiquissimus</span> <span class='ocrx_word' id='word_1_272' title='bbox 871 3779 1043 3844; x_wconf 62' lang='lat' dir='ltr'>Barcinus</span> <span class='ocrx_word' id='word_1_273' title='bbox 1066 3783 1128 3862; x_wconf 88' lang='lat' dir='ltr'>est,</span> <span class='ocrx_word' id='word_1_274' title='bbox 1151 3778 1202 3844; x_wconf 88' lang='lat' dir='ltr'>eui</span> <span class='ocrx_word' id='word_1_275' title='bbox 1226 3777 1304 3843; x_wconf 89' lang='lat' dir='ltr'>satis</span> 
     </span>
     <span class='ocr_line' id='line_1_34' title="bbox 152 3881 1305 3972; baseline 0.007 -29"><span class='ocrx_word' id='word_1_276' title='bbox 152 3881 359 3951; x_wconf 77' lang='lat' dir='ltr'>⁰⁰nfidenter</span> <span class='ocrx_word' id='word_1_277' title='bbox 379 3886 601 3965; x_wconf 66' lang='lat' dir='ltr'>Victoriacum,</span> <span class='ocrx_word' id='word_1_278' title='bbox 625 3886 811 3950; x_wconf 86' lang='lat' dir='ltr'>dubitanter</span> <span class='ocrx_word' id='word_1_279' title='bbox 824 3886 988 3972; x_wconf 82' lang='lat' dir='ltr'>iungimus</span> <span class='ocrx_word' id='word_1_280' title='bbox 1003 3885 1219 3951; x_wconf 77' lang='lat' dir='ltr'>Docurtrtam:</span> <span class='ocrx_word' id='word_1_281' title='bbox 1242 3886 1305 3951; x_wconf 89' lang='lat' dir='ltr'>huc</span> 
     </span>
     <span class='ocr_line' id='line_1_35' title="bbox 149 3985 1305 4078; baseline -0.001 -19"><span class='ocrx_word' id='word_1_282' title='bbox 149 3985 323 4059; x_wconf 56' lang='lat' dir='ltr'>rerem</span> <span class='ocrx_word' id='word_1_283' title='bbox 354 3992 440 4059; x_wconf 88' lang='lat' dir='ltr'>cirea</span> <span class='ocrx_word' id='word_1_284' title='bbox 470 3991 519 4057; x_wconf 90' lang='lat' dir='ltr'>IX</span> <span class='ocrx_word' id='word_1_285' title='bbox 547 3993 709 4057; x_wconf 87' lang='lat' dir='ltr'>saeculum</span> <span class='ocrx_word' id='word_1_286' title='bbox 738 3993 852 4078; x_wconf 89' lang='lat' dir='ltr'>scripti</span> <span class='ocrx_word' id='word_1_287' title='bbox 879 3992 1095 4070; x_wconf 67' lang='lat' dir='ltr'>Racilioaaue</span> <span class='ocrx_word' id='word_1_288' title='bbox 1128 3993 1305 4074; x_wconf 76' lang='lat' dir='ltr'>Vaticonas,</span> 
     </span>
     <span class='ocr_line' id='line_1_36' title="bbox 147 4074 1303 4184; baseline 0.002 -22"><span class='ocrx_word' id='word_1_289' title='bbox 147 4074 402 4183; x_wconf 57' lang='lat' dir='ltr'>Ambrosianus,</span> <span class='ocrx_word' id='word_1_290' title='bbox 443 4097 594 4183; x_wconf 84' lang='lat' dir='ltr'>Calliopii</span> <span class='ocrx_word' id='word_1_291' title='bbox 632 4121 764 4183; x_wconf 86' lang='lat' dir='ltr'>operam</span> <span class='ocrx_word' id='word_1_292' title='bbox 800 4101 873 4183; x_wconf 90' lang='lat' dir='ltr'>ipsa</span> <span class='ocrx_word' id='word_1_293' title='bbox 910 4100 1148 4184; x_wconf 89' lang='lat' dir='ltr'>subscriptione</span> <span class='ocrx_word' id='word_1_294' title='bbox 1184 4101 1303 4165; x_wconf 85' lang='lat' dir='ltr'>testati.</span> 
     </span>
     <span class='ocr_line' id='line_1_37' title="bbox 146 4177 1304 4292; baseline 0.007 -28"><span class='ocrx_word' id='word_1_295' title='bbox 146 4177 334 4272; x_wconf 66' lang='lat' dir='ltr'>Pl&#39;aeterra</span> <span class='ocrx_word' id='word_1_296' title='bbox 365 4211 475 4273; x_wconf 83' lang='lat' dir='ltr'>autem</span> <span class='ocrx_word' id='word_1_297' title='bbox 503 4229 542 4271; x_wconf 85' lang='lat' dir='ltr'>ex</span> <span class='ocrx_word' id='word_1_298' title='bbox 570 4207 680 4271; x_wconf 91' lang='lat' dir='ltr'>eadem</span> <span class='ocrx_word' id='word_1_299' title='bbox 710 4205 862 4290; x_wconf 79' lang='lat' dir='ltr'>Calliopii</span> <span class='ocrx_word' id='word_1_300' title='bbox 890 4207 1077 4272; x_wconf 90' lang='lat' dir='ltr'>recensione</span> <span class='ocrx_word' id='word_1_301' title='bbox 1105 4211 1260 4292; x_wconf 89' lang='lat' dir='ltr'>tanquam</span> <span class='ocrx_word' id='word_1_302' title='bbox 1288 4232 1304 4272; x_wconf 94' lang='lat' dir='ltr'>e</span> 
     </span>
     <span class='ocr_line' id='line_1_38' title="bbox 146 4305 1305 4404; baseline 0.002 -29"><span class='ocrx_word' id='word_1_303' title='bbox 146 4305 324 4404; x_wconf 69' lang='lat' dir='ltr'>cf’llrmuni</span> <span class='ocrx_word' id='word_1_304' title='bbox 345 4313 437 4380; x_wconf 89' lang='lat' dir='ltr'>fonte</span> <span class='ocrx_word' id='word_1_305' title='bbox 460 4314 567 4379; x_wconf 91' lang='lat' dir='ltr'>omnis</span> <span class='ocrx_word' id='word_1_306' title='bbox 589 4313 823 4398; x_wconf 90' lang='lat' dir='ltr'>propemodum</span> <span class='ocrx_word' id='word_1_307' title='bbox 842 4313 1041 4397; x_wconf 90' lang='lat' dir='ltr'>reliquorum</span> <span class='ocrx_word' id='word_1_308' title='bbox 1059 4313 1205 4378; x_wconf 89' lang='lat' dir='ltr'>codicum</span> <span class='ocrx_word' id='word_1_309' title='bbox 1224 4314 1305 4377; x_wconf 94' lang='lat' dir='ltr'>mul·</span> 
     </span>
    </p>

    <p class='ocr_par' dir='ltr' id='par_1_4' title="bbox 34 4395 1303 4508">
     <span class='ocr_line' id='line_1_39' title="bbox 34 4395 1303 4508; baseline 0.002 -29"><span class='ocrx_word' id='word_1_310' title='bbox 34 4436 41 4443; x_wconf 91' lang='lat'>·</span> <span class='ocrx_word' id='word_1_311' title='bbox 146 4395 267 4485; x_wconf 50' lang='lat' dir='ltr'>tltudo</span> <span class='ocrx_word' id='word_1_312' title='bbox 280 4420 463 4508; x_wconf 84' lang='lat' dir='ltr'>vulgarium</span> <span class='ocrx_word' id='word_1_313' title='bbox 485 4419 661 4504; x_wconf 90' lang='lat' dir='ltr'>repetenda</span> <span class='ocrx_word' id='word_1_314' title='bbox 684 4423 741 4504; x_wconf 89' lang='lat' dir='ltr'>est,</span> <span class='ocrx_word' id='word_1_315' title='bbox 765 4440 901 4503; x_wconf 89' lang='lat' dir='ltr'>quorum</span> <span class='ocrx_word' id='word_1_316' title='bbox 925 4443 989 4504; x_wconf 91' lang='lat' dir='ltr'>quo</span> <span class='ocrx_word' id='word_1_317' title='bbox 1013 4420 1119 4485; x_wconf 91' lang='lat' dir='ltr'>minor</span> <span class='ocrx_word' id='word_1_318' title='bbox 1143 4423 1241 4502; x_wconf 88' lang='lat' dir='ltr'>aetas,</span> <span class='ocrx_word' id='word_1_319' title='bbox 1266 4441 1303 4483; x_wconf 92' lang='lat' dir='ltr'>eo</span> 
     </span>
    </p>
   </div>
   <div class='ocr_carea' id='block_1_3' title="bbox 0 0 1466 5046">
    <p class='ocr_par' dir='ltr' id='par_1_5' title="bbox 0 0 1466 5046">
     <span class='ocr_line' id='line_1_40' title="bbox 0 0 1466 5046; baseline 0 3"><span class='ocrx_word' id='word_1_320' title='bbox 0 0 1466 5046; x_wconf 95' lang='lat' dir='ltr'> </span> 
     </span>
    </p>
   </div>
  </div>
 </body>
</html>
