2924 5046
176 288 241 367 362
596 319 643 365 nn
667 320 703 366 n.
726 318 900 367 vnuuoms

175 461 315 526 Rursum
342 465 450 525 autem
478 461 512 524 in
535 461 660 526 Musica
684 483 811 546 quoque
835 461 984 526 Varrone
1008 461 1195 527 Marcianus
1218 463 1308 527 urit-a

176 567 222 631 IX
245 569 360 651 p.314‚
382 568 437 631 ubi
461 568 547 632 inter
559 569 707 652 plurima
730 568 795 632 alia
818 569 974 653 miranda,
998 571 1116 654 quibus
1135 570 1255 634 victrix
1274 590 1308 633 v

176 675 317 739 musicae
338 675 418 739 artis
438 676 624 758 apparuerit
642 675 730 738 fama
749 675 927 760 hominum,
946 676 1009 741 hoc
1027 682 1204 742 memorat:
1223 699 1308 744 nort:

174 783 273 864 ipsim
295 782 452 846 vctrrsratis
473 783 674 863 perpensione
700 788 897 864 compertum,
928 785 962 847 in
985 783 1090 865 Lyden
1111 784 1308 868 nymphone

175 887 287 973 (vulgo
302 885 511 973 lympharum)
526 889 647 953 inscias
664 889 734 971 dici,
752 909 829 971 peras
847 891 939 954 etcum
957 892 1105 955 recentior
1117 894 1308 958 asserentia

181 994 281 1058 Varro
303 1015 334 1058 sc
355 996 465 1060 cidisse
489 999 631 1059 testatur:
654 1015 733 1076 quae
750 998 784 1060 in
802 998 935 1064 medium
953 1002 1098 1079 stuporum
1115 1019 1138 1061 o
1156 999 1308 1063 mrim

169 1101 362 1184 procedentes
384 1107 478 1167 canta
501 1101 649 1166 tibiarum
665 1103 773 1184 primo
796 1104 830 1167 ia
853 1104 1131 1187 circummunire,
1154 1104 1268 1170 debinc
1284 1127 1308 1170 c

177 1208 269 1272 litora
290 1213 496 1273 revertuntur..
533 1208 656 1284 Quibus
680 1231 757 1274 sane
779 1231 896 1293 perse
919 1211 1074 1293 spectatis
1097 1233 1166 1275 non
1190 1211 1308 1296 ineptu

176 1315 275 1378 ctiam
301 1314 336 1378 in
360 1314 586 1400 geographicis
613 1315 713 1381 locus.
760 1313 823 1381 Sed
846 1314 885 1380 cf.
908 1320 1120 1401 practerea§
1148 1318 1191 1382 10
1215 1323 1250 1382 et
1276 1321 1292 1384 1

712 1514 785 1593 cr.

265 1636 381 1701 Paullo
401 1636 589 1720 impeditior
607 1638 645 1701 dc
664 1636 915 1703 arithmetica
935 1638 1081 1722 quaestio
1101 1645 1168 1702 est:
1188 1644 1308 1706 tamet

76 1785 81 1793 ·
174 1744 213 1807 de
240 1765 355 1808 novem
384 1735 628 1827 disciplinarum
658 1744 750 1808 libris
775 1764 874 1828 agens
898 1743 1064 1808 Fabricius
1088 1745 1108 1808 l.
1124 1768 1149 1808 s.
1165 1768 1190 1808 s.
1215 1767 1256 1810 cx
1277 1747 1308 1810 lr-

174 1849 282 1932 inquit
305 1850 417 1914 labrum
440 1848 476 1914 dc
493 1850 688 1915 arithmetico
706 1850 805 1915 urticae
823 1851 1013 1932 sorpnrstitcm
1030 1872 1061 1915 sc
1079 1852 1192 1917 vidisse
1205 1853 1308 1918 Rome

174 1957 259 2038 apud
280 1956 486 2021 Lcorcrrtium
508 1956 682 2022 Strorrium
705 1955 903 2023 Cordinoloor
927 1963 1051 2022 testatus
1074 1964 1118 2023 cst
1136 1958 1308 2024 Vcrlranit

174 2063 311 2127 Maurus
337 2064 373 2126 ia
401 2062 551 2128 Varronis·
578 2061 687 2147 cito.*)
734 2063 782 2127 De
811 2085 874 2148 quc
903 2064 1123 2148 unusquisque
1154 2066 1308 2130 existima

136 2193 160 2230 ιε
175 2168 333 2233 arbitratu
357 2190 429 2233 suo:
452 2170 547 2234 nobis
570 2170 773 2253 incomperta
796 2192 855 2233 res.
891 2169 960 2235 Nec
983 2172 1123 2236 multum
1147 2172 1308 2237 tribueris

174 2273 443 2358 Agrimensorum
466 2274 512 2337 eis
535 2275 708 2358 codicibus,
731 2296 812 2359 quos
835 2276 932 2339 tertia
955 2275 1060 2341 classe
1084 2297 1157 2340 ase
1177 2297 1308 2362 compr·

174 2380 292 2445 hensos
316 2379 463 2445 Blumius
487 2404 516 2464 p.
532 2382 597 2446 216
620 2386 759 2447 testatur
778 2383 948 2448 Varronem
969 2383 1006 2448 dc
1028 2383 1234 2462 oritlrmetrbo,
1256 2406 1308 2450 nor

173 2490 209 2554 do
228 2489 394 2572 geometria
417 2509 678 2554 commemorare.
717 2488 779 2554 Sed
801 2486 844 2555 de'
860 2491 996 2554 curonis
1018 2489 1140 2554 librum
1160 2489 1308 2555 Varroni

173 2594 341 2661 Fabricius
365 2595 481 2660 scribit
504 2619 523 2660 a
542 2593 720 2661 Censorino
745 2597 797 2680 (de
817 2596 940 2680 duat.)
964 2597 1025 2661 cd
1049 2597 1196 2680 allegari.
1227 2597 1300 2662 Nih.

174 2707 224 2766 est
248 2724 334 2787 sane,
357 2724 414 2767 cur
436 2703 497 2766 hoc
520 2700 624 2766 indice
647 2703 913 2766 commentarium
937 2703 976 2766 de
995 2703 1202 2768 arithmetica
1226 2725 1308 2790 neg·

174 2830 245 2873 mus
270 2808 423 2873 similiter
444 2829 549 2892 possc-
564 2808 710 2873 denotari
735 2811 831 2892 atque
856 2809 939 2874 liber
957 2809 1155 2893 geometriae
1180 2809 1308 2876 brevite

173 2915 279 2979 dictus
307 2919 358 2979 est
384 2917 420 2980 dc
447 2917 607 2980 mensuris.
654 2913 775 2979 Verum
804 2915 838 2979 in
861 2912 1030 2979 Censorini
1054 2916 1154 2980 verbs
1177 2916 1210 2980 id
1235 2917 1308 2982 cad:

174 3021 320 3085 minime:
343 3021 389 3084 ibi
414 3024 500 3085 enim
523 3023 608 3105 quod
637 3021 736 3085 Varro
760 3025 1032 3086 commemoratur
1056 3023 1090 3085 in
1112 3042 1145 3086 co
1169 3023 1249 3088 libro
1272 3046 1308 3090 ca·

174 3128 282 3192 titolus
300 3133 343 3192 cst
356 3128 479 3193 Atticus
491 3133 520 3192 ct
537 3133 581 3192 cst
598 3129 635 3192 do
647 3129 793 3205 ricimeris,
811 3128 839 3191 is
859 3127 987 3211 quidem
1006 3126 1069 3192 fuit
1087 3150 1170 3192 unus
1191 3151 1208 3194 e
1227 3130 1308 3196 libri

174 3233 381 3317 logistoricis,
395 3239 428 3297 et
444 3238 479 3298 ut
492 3234 619 3298 videtur
633 3255 673 3299 ne
687 3256 761 3299 vere
781 3234 910 3318 quidem
928 3235 965 3299 dc
978 3237 1115 3300 turornis
1133 3236 1308 3321 inscriptus

174 3338 229 3402 sed
252 3340 288 3403 (lc
309 3341 488 3405 meritoribus
510 3342 632 3424 potius:
661 3341 701 3405 dc
724 3362 787 3425 quo
813 3340 891 3404 alibi
917 3328 1018 3421 [infra
1039 3365 1068 3425 p.
1083 3341 1162 3421 405]
1187 3342 1308 3408 dictun

174 3446 256 3510 ltem
280 3445 356 3545 hinc
380 3447 598 3531 segregandus
622 3446 757 3511 Rufinus
780 3469 811 3532 p.
835 3447 922 3511 2720
940 3447 974 3510 Ρ.
1003 3447 1250 3514 maluistis
1274 3451 1308 3515 ci

264 3621 289 3691 *)
308 3623 349 3676 De
368 3621 429 3676 vita
448 3622 580 3677 Varronis
598 3639 615 3676 a
634 3622 731 3676 Mauro
751 3621 855 3691 scripta
872 3637 924 3675 nec
942 3624 1011 3676 nota
1029 3639 1072 3676 ros
1091 3639 1142 3677 nec
1161 3623 1308 3679 credibilis

174 3717 206 3766 ut
225 3712 333 3781 aliquid
352 3714 456 3767 temere
475 3711 619 3766 miscuisse
638 3710 797 3765 Fabricium
817 3711 939 3781 suspicor
958 3711 1019 3780 [sed
1033 3711 1128 3765 rideas
1142 3711 1214 3766 Mus.
1230 3712 1308 3767 liber:

173 3819 200 3855 n.
224 3820 245 3855 s.
270 3801 383 3856 volvi
406 3819 433 3870 p.
458 3806 509 3854 505
533 3799 595 3854 adn.
615 3800 652 3869 Ἴ.
693 3801 717 3852 Δ
741 3814 796 3868 quo
819 3798 993 3867 aliquantum
1017 3798 1158 3868 discrepat
1180 3800 1308 3856 Ausonia

174 3889 282 3960 Pcpma
308 3889 338 3944 in
364 3888 541 3943 Bibliotheca
559 3888 733 3942 Varroniana
760 3906 786 3956 p.
807 3893 858 3941 497
888 3887 930 3942 ed.
954 3887 1042 3957 Lugd.
1066 3887 1097 3944 Β.
1124 3904 1149 3942 a.
1170 3893 1255 3943 1601:
1286 3888 1308 3945 d

174 3979 345 4034 arithmetica
363 3980 410 4034 lib.
431 3980 458 4046 I,
477 3997 553 4048 pacm
571 3995 657 4032 crana
675 3979 839 4046 descriptum
857 3977 936 4032 hodic
953 3992 1057 4045 quoquc
1073 3978 1249 4044 superstrui
1265 3994 1308 4035 et

173 4074 198 4122 et
216 4069 320 4124 Romae
341 4071 374 4123 in
396 4069 562 4123 bibliothecis
580 4068 753 4122 adamatum
771 4067 870 4122 ocosse
888 4069 1002 4120 tmtatur
1021 4063 1065 4118 M.
1091 4063 1259 4123 Veram
1274 4066 1308 4141 [.Ι

175 4158 303 4212 Alcimus
320 4157 369 4210 boc
387 4158 506 4226 arnplr'us
522 4173 550 4210 se
568 4155 704 4210 ociorum
718 4156 873 4225 pollicetar,
895 4155 968 4225 quod
986 4159 1076 4209 tomen
1092 4152 1174 4208 nodo
1190 4154 1308 4235 turim}

174 4246 238 4300 vdes
251 4247 433 4315 professione,
458 4248 489 4300 irs
506 4264 562 4315 pua
579 4245 697 4300 marim
714 4244 852 4310 excelluit,
877 4247 902 4297 et
923 4242 1083 4312 pactorum
1102 4238 1308 4311 ὠψ-

174 4336 275 4389 studiis
294 4335 439 4403 impeditus
461 4352 517 4388 aon
535 4334 683 4403 praestitit.
720 4333 742 4386 E
761 4331 862 4401 quibus
880 4328 973 4386 verbis
989 4324 1138 4385 naidas-¹

175 4422 299 4494 aliquem
316 4423 354 4480 M.
374 4422 553 4480 Vcrtranium
570 4422 713 4479 alciacum
730 4420 811 4477 finxit
829 4416 1014 4477 Ochlm'flfl
