2924 5046
521 345 733 393 rasennam
757 345 944 393 ensurius.
1215 325 1303 410 '183

240 489 373 557 Nonius
406 513 437 575 p.
458 490 539 573 -196,
566 491 624 554 31:
661 488 811 554 ‘clunes
846 487 1002 552 feminino
1035 485 1222 552 Horatius.
1256 537 1263 550 .
1297 536 1304 551 .

142 592 340 666 masculino
369 596 505 662 Plautus
536 595 691 661 Abroioo:
726 595 841 679 «quasi
871 594 967 677 lupus
998 594 1039 657 ab
1070 593 1169 656 armis
1200 593 1304 677 caleo,

138 707 268 772 elimes
290 703 436 769 desertos
459 701 586 788 geroa':
610 700 666 766 ubi
681 699 853 786 ‘Agroico'
867 701 1056 765 restitutum
1080 703 1130 763 est
1153 700 1194 764 ab
1209 699 1303 764 lunio

135 810 484 877 Animadversionum
499 808 555 893 vl,
572 810 621 892 10,
644 807 796 892 Ἀγροίκῳ
821 831 841 872 a
856 806 973 871 Vossio
998 806 1035 870 de
1060 806 1213 890 analogia
1225 803 1251 888 l,
1261 806 1303 870 29

133 943 159 1004 p.
175 919 278 983 499.
295 953 337 964 -
360 916 451 982 Festi
474 916 614 1000 epitome
638 939 669 1000 p.
683 915 735 998 61,
752 916 806 980 ll:
831 913 981 981 ‘clunes
1005 912 1185 977 masculine
1208 912 1303 978 Plau·

132 1030 202 1089 tus:
257 1025 375 1109 ‹quasi
404 1025 499 1108 lupus
528 1024 569 1088 ab
593 1022 692 1088 armis
721 1022 831 1104 ualeo‚
863 1020 974 1085 clunes
1001 1021 1159 1085 infractos
1182 1019 1303 1085 feros?

131 1129 188 1196 ubi
221 1131 336 1196 codex
359 1130 489 1196 Barthii
504 1128 768 1212 Advers.XLl,8
792 1150 866 1193 cum
889 1126 1053 1191 veteribus
1078 1126 1146 1190 edd.
1169 1127 1303 1207 inflatae.

132 1271 169 1284 α
202 1235 286 1301 His
315 1238 401 1304 inter
428 1261 461 1303 se
488 1237 607 1302 iunctis
631 1235 831 1303 testimoniis
854 1233 1043 1299 Plautinum
1067 1255 1194 1298 versum
1217 1232 1304 1298 haud

132 1344 348 1409 cunctanter
370 1344 418 1410 sic
439 1343 699 1411 reconcinnabis:

205 1521 229 1554 a
262 1487 374 1573 quasi
407 1486 519 1571 lupus
553 1486 599 1551 ab
633 1484 751 1551 armis
784 1484 912 1564 ualeo,
946 1483 1077 1549 clunes
1109 1481 1337 1548 infructose

1010 1611 1116 1674 gero:
1192 1619 1194 1622 ⁴

146 1738 177 1802 ul
205 1736 258 1801 ab
283 1738 378 1803 initio
401 1760 432 1802 v.
455 1760 480 1802 e.
504 1736 563 1802 Pol
585 1737 637 1801 vel
661 1736 747 1800 Nam
769 1734 878 1818 fuerit,
900 1735 951 1799 vel
977 1735 1077 1798 etiam
1102 1733 1303 1817 probabilius

151 1840 268 1926 aliqua
290 1843 514 1928 conloquentis
542 1864 700 1927 personae
729 1840 922 1908 exclamatio
934 1838 970 1926 ⁵).
1015 1839 1119 1931 Nilrili
1143 1844 1193 1904 est
1210 1841 1303 1912 ‚enim

159 1950 185 2012 et
208 1949 385 2034 dupliciter
411 1951 533 2013 falsum
562 1951 603 2013 ab
627 1949 757 2013 Osanna
782 1948 928 2013 Analect
957 1971 986 2032 p.
1013 1948 1076 2012 152
1099 1947 1302 2032 propositum

167 2050 264 2130 ῼιιαηι
285 2056 313 2121 si
336 2056 435 2138 larua,
462 2077 529 2121 non
551 2055 698 2140 profecto
723 2054 849 2120 felicius
873 2077 932 2138 pro
956 2055 1032 2138 lupo
1056 2053 1236 2118 substituto
1260 2053 1303 2117 le

170 2176 238 2239 pore
260 2182 356 2245 quam
378 2162 413 2225 in
436 2160 554 2226 Persae
577 2182 606 2226 v.
624 2161 690 2225 436
713 2146 772 2244 pro
796 2160 905 2243 lepore
929 2161 1005 2244 lupo
1028 2183 1058 2244 p.
1073 2160 1147 2225 203.
1173 2197 1211 2207 -
1239 2159 1303 2224 ‘in-

174 2262 297 2332 tractus'
319 2272 429 2334 autem
453 2288 527 2334 cum
550 2290 608 2352 per
631 2290 666 2332 se
688 2268 793 2351 possit
817 2272 875 2333 aut
896 2267 981 2332 idem
1005 2289 1075 2332 esse
1100 2270 1196 2352 atquc
1221 2267 1321 2332 ‘frav

180 2369 309 2439 ctus'ab
332 2375 537 2461 infringendo
561 2371 612 2459 (ut
635 2377 685 2439 est
708 2374 742 2439 in
765 2372 896 2439 Horatii
919 2373 1058 2458 Epodon
1074 2375 1124 2457 11,
1138 2374 1181 2439 22
1205 2374 1301 2439 ‘lum-

182 2473 228 2540 bos
243 2485 273 2545 et
288 2483 405 2568 infregi
424 2479 552 2568 latus’)‚
571 2485 628 2546 aut
646 2480 727 2547 ‘non
745 2479 884 2546 fractus'
902 2484 940 2545 ut
959 2481 1044 2565 apud
1063 2478 1301 2565 Symmachum,

187 2577 244 2646 illuc
268 2589 485 2674 tamenpnon
507 2586 584 2671 huc,
612 2586 697 2652 Iunii
720 2587 948 2671 interpretatio
972 2588 1073 2671 valet,
1105 2610 1301 2672 quamquam

188 2683 335 2768 morantis
360 2693 449 2760 Festi
475 2694 699 2760 testimonium
728 2698 760 2758 et
787 2695 882 2758 unius
905 2693 1004 2759 Nonii
1033 2694 1223 2759 memoriam
1254 2697 1302 2760 de-

190 2797 260 2860 tebs
279 2801 476 2885 explicantis.
517 2798 570 2866 Sic
594 2801 679 2865 enim
702 2799 758 2865 ille
781 2801 799 2865 l.
825 2824 850 2865 s.
874 2823 912 2864 s.:
936 2799 1080 2883 ‘spectat
1103 2800 1143 2864 ad
1168 2801 1301 2886 vulgare

191 2893 296 2990 lictum,
323 2931 387 2993 quo
415 2909 528 2992 lupum
557 2929 664 2972 armos
693 2906 816 2972 validos
845 2906 977 2989 habere,
1010 2905 1066 2970 sed
1088 2906 1301 2990 impotentem

192 3002 264 3086 atque
282 3013 473 3080 imbecillum
499 3014 655 3084 clunibus,
671 3012 916 3098 praedicamus?
952 3012 989 3076 Id
1013 3017 1121 3078 autem
1144 3014 1201 3078 ubi
1225 2997 1310 3099 gen-⁵

192 3103 380 3207 ll'¹1111relquo
399 3120 531 3187 tandem
544 3125 690 3204 tempore
704 3120 739 3184 in
753 3118 901 3203 ‘vulgare
924 3118 1064 3185 dictum'
1078 3120 1208 3207 abierit,
1226 3145 1299 3187 cum

191 3226 355 3294 nonninus
383 3250 481 3314 quam
509 3231 629 3291 memet
657 3227 764 3291 etiam·
780 3226 1016 3292 eruditissimos
1039 3226 1074 3290 in
1097 3226 1158 3293 hoe
1182 3249 1298 3313 genere

95 3376 103 3387 ·
192 3321 309 3413 ⁰⁰sslegas
330 3333 537 3419 Rudolphum
560 3333 775 3399 Leuolrartum
804 3339 838 3399 et
861 3334 1026 3400 Victorem
1050 3331 1168 3399 Carum
1192 3334 1299 3419 fugiat

193 3418 265 3504 (¹¹th
284 3441 391 3506 saltem
414 3440 590 3506 eiusmodi
612 3440 663 3505 vel
678 3439 873 3506 Aristoteles
894 3441 944 3505 vel
958 3441 1114 3505 Aelianus
1134 3441 1298 3505 Pliniusve

195 3536 351 3634 prodidere),
381 3551 493 3613 tamen
521 3548 556 3612 in
583 3553 735 3613 naturam
766 3548 895 3634 quidem
927 3548 997 3632 lupi
1025 3570 1059 3610 re
1083 3569 1159 3611 vera
1187 3546 1298 3611 cadere

195 3632 303 3714 clunium
330 3653 589 3720 imbecillitatem
620 3654 712 3720 illam
745 3655 854 3720 eidem·
881 3655 1005 3720 affatim
1037 3676 1088 3719 me
1121 3655 1298 3720 docuerunt

195 3750 366 3782 xx.

168 3894 173 3903 Ι
227 3897 232 3909 ι
261 3824 285 3891 ὅ)
302 3827 404 3900 Nempe
427 3846 464 3885 ne
488 3846 733 3886 commemorarem
756 3830 869 3899 quidem
893 3830 946 3883 hoc
968 3827 1106 3903 atenimis
1130 3831 1215 3899 exile,
1243 3830 1297 3886 nisi

195 3892 258 3992 latin
272 3918 354 3980 petere
372 3919 506 3974 sentirem
529 3922 559 3974 et
581 3921 617 3975 ad
635 3922 706 3976 talia
724 3923 871 3990 poetarum
889 3919 1048 3989 fragmenta
1066 3922 1110 3974 sat
1128 3919 1219 3974 multa
1236 3935 1297 3988 per·

195 3983 272 4064 mlle,
291 4006 380 4072 quibus
406 4008 436 4063 iu
461 4008 524 4078 ipso
548 4009 685 4080 principio
710 4010 854 4080 paululum
873 4009 952 4064 deest
970 4010 1006 4064 ad
1024 4027 1120 4065 versus
1138 4024 1297 4063 mensuram

196 4080 356 4150 c⁰l¹llltudam
402 4096 435 4151 In
462 4096 567 4152 talibus
595 4098 667 4154 enim
695 4116 759 4153 cum
784 4099 897 4153 minime
923 4099 1069 4169 probabile
1094 4100 1130 4154 sit
1155 4099 1296 4167 integrum

197 4171 331 4238 en”liblero
348 4185 405 4241 sine
423 4185 485 4240 ulla
503 4203 589 4242 musa
608 4204 665 4242 esse
683 4189 843 4261 turnoatum
862 4204 880 4242 a
898 4187 1098 4258 grammaticis,
1117 4188 1146 4241 in
1165 4189 1296 4257 promptu

198 4251 231 4302 “l
242 4255 269 4312 lt
285 4268 384 4328 alerius
402 4291 539 4344 personae
557 4276 617 4331 sive
635 4277 837 4332 exclamatione
856 4277 915 4332 sive
934 4277 1153 4347 interrogatione
1172 4274 1296 4345 cogitare

199 4337 255 4396 velut
269 4351 345 4420 Quid?
367 4364 412 4418 vel
439 4363 539 4418 Tun’?
578 4365 674 4419 Tunc?
698 4366 744 4421 vel
765 4366 835 4421 Tace
857 4367 902 4422 vel
927 4367 1000 4438 Quid
1018 4364 1081 4420 ars?
1101 4368 1130 4420 et
1149 4380 1220 4435 quae
1239 4363 1296 4420 aliu

159 4440 161 4444 ’
200 4426 340 4505 111¹¹ll³fteili
355 4451 470 4526 negotio
489 4453 585 4523 fingas.
