2924 5046
427 351 645 400 aaaouaura
667 351 853 400 ansverus.
1144 331 1209 396 201

62 487 269 577 potissimum
297 498 368 560 tum
396 516 488 559 rarae
516 516 554 560 ac
581 495 744 578 pretiosae
772 495 876 578 obque
904 491 938 557 id
966 493 1074 576 ipsum
1098 491 1139 556 ad
1160 514 1210 556 re-

59 603 334 686 cognoscendam,
363 623 445 686 quae
472 601 637 684 periisset,
664 598 865 664 Palaestram
893 600 944 664 vel
968 598 1132 664 Silenium
1154 598 1212 663 ali-

58 724 164 792 quam
184 707 342 791 imprimis
361 705 573 772 commodae?
596 705 670 770 inde
690 709 797 771 autem
811 706 991 770 Bacaaluu
1010 726 1129 771 nomen
1148 705 1212 789 ipsi

54 813 196 880 fabulae
223 813 302 878 itam
330 814 399 878 indi
426 816 464 878 ut
487 835 507 877 a
529 813 657 877 cistella
679 811 963 877 Olsrunnaman‘l
1009 811 1213 897 Quamquam

52 923 135 987 lieet
169 919 314 1004 prolecto
343 918 443 983 etiam
471 918 537 982 alia
561 900 781 1000 comminisci,
809 918 899 982 velut
922 917 1053 1001 aliquod
1077 916 1214 985 ‘monile

51 1025 228 1094 bacatum'
251 1027 302 1090 vel
327 1021 480 1089 ‘inaures’
504 1020 699 1106 bacatas¹⁵)‚
726 1022 814 1107 quali
837 1025 1103 1100 ornamentovel
1127 1046 1214 1090 ama-

54 1135 144 1201 siam
173 1136 300 1198 amator
323 1132 373 1196 vel
397 1134 500 1195 semet
523 1129 640 1215 aliquis
664 1128 717 1194 fur
739 1129 884 1194 beaverit
907 1134 940 1194 et
964 1130 1058 1215 siqua
1080 1135 1155 1195 sunt
1173 1131 1214 1195 si-

55 1240 169 1307 milia:
202 1240 331 1323 quando
363 1237 464 1302 talem
495 1235 745 1322 margaritarum
778 1257 873 1300 usum
902 1236 968 1301 ianr
996 1238 1214 1320 antiquissimi

60 1349 168 1410 testes
192 1346 384 1408 confirmant
404 1343 547 1427 adlegati
567 1342 607 1406 ab
627 1340 796 1407 Athenaeo
815 1340 865 1405 Ill
884 1364 915 1425 p.
934 1342 1006 1407 93⁸
1024 1346 1056 1407 et
1071 1343 1094 1426 ⁰,
1112 1343 1214 1408 Theo·

65 1450 221 1536 phrastus
244 1451 318 1529 περὶ
342 1449 440 1515 λίθων
458 1446 493 1535 (ξ
512 1446 569 1534 36)
593 1451 626 1512 et
649 1446 770 1513 Chares
794 1447 1010 1532 Mytilenaeas
1034 1451 1071 1515 ἐν
1094 1451 1211 1534 ἑβδόμῃ

68 1559 131 1621 τῶν
155 1557 228 1635 περὶ
243 1555 454 1635 Ἀλέξανδρον
472 1555 627 1634 lurcorum,
650 1554 707 1618 ille
727 1552 854 1638 quidem
872 1554 924 1618 his
940 1556 1062 1620 verbis:
1088 1561 1213 1621 ποιοῡει

75 1658 100 1724 t'
123 1663 156 1728 ἐξ
183 1663 283 1728 αὐτοῦ
313 1665 388 1728 τοὺ(
412 1666 600 1727 πολυτελεῖ(
624 1660 756 1740 ὅρμους,
784 1660 836 1725 his
860 1664 969 1725 autern
993 1662 1086 1727 alter:
1118 1685 1213 1728 κατα-

83 1767 251 1836 treudlouo
275 1769 304 1833 δ’
327 1771 360 1835 ἐξ
383 1769 491 1833 αὐτῶν
510 1768 676 1848 ὁρμίεκου(
695 1789 729 1832 τε
750 1769 800 1831 καὶ
819 1769 917 1847 ψέλια
938 1768 1086 1848 περὶτὰ(
1104 1773 1213 1848 χεῖρα(

85 1874 129 1936 vol
148 1879 218 1941 τοὺ(
240 1876 351 1941 πόδας.
376 1911 420 1919 -
442 1871 532 1938 Haec
555 1873 657 1958 igitur
680 1873 708 1936 si
731 1872 946 1956 probabiliter
969 1874 1214 1958 disputavimus,

90 1981 177 2044 restat
199 1985 235 2044 ut
262 1979 366 2045 ‘baca'
390 1978 539 2044 vocabuli
562 2000 639 2042 usus
662 1977 834 2043 Plautinus
858 1978 892 2042 in
916 1983 1072 2064 quantum
1095 1981 1217 2064 poterit

96 2078 266 2150 defendatur.
315 2083 431 2168 Itaque
457 2082 631 2149 Horatium
659 2083 905 2169 Vergiliumque
938 2087 1091 2170 quoniam
1121 2109 1216 2152 nemo

100 2188 217 2266 prolecto
240 2191 304 2256 sibi
327 2190 536 2274 persuadebit
559 2191 597 2254 de
622 2212 680 2255 suo
704 2190 835 2255 finxisse
859 2212 931 2255 eam
949 2192 988 2255 de
1008 2215 1071 2276 qua
1089 2192 1216 2277 agimus

104 2289 352 2383 significationem,
374 2319 506 2381 prorsus
531 2296 683 2362 credibile
707 2299 756 2361 est
774 2287 948 2381 Romanos,
971 2297 1027 2363 ubi
1051 2298 1156 2382 prima
1175 2299 1236 2363 ad'

10 2412 14 2461 ἰ.
104 2413 143 2459 ⁰0³
167 2403 407 2490 margaritarum
439 2402 573 2485 notitia,
609 2402 749 2468 fortasse
781 2425 839 2488 per
870 2402 1009 2471 Punicos
1040 2400 1217 2489 institores,
1310 2415 1314 2424 '

106 2507 231 2592 pervenit,
259 2532 279 2574 a
301 2510 425 2595 figurae
449 2508 660 2574 similitudine
683 2508 750 2572 illis
774 2509 928 2574 bacarum
952 2532 1069 2576 nomen
1092 2511 1218 2596 fecisse,

107 2612 161 2685 Pul
185 2614 306 2681 demum
340 2614 533 2681 successisse
567 2637 586 2679 a
614 2614 746 2679 Graecis
776 2618 938 2699 receptam
966 2617 1218 2703 margaritarum

108 2718 339 2800 appellationem,
367 2743 449 2806 quae
473 2721 617 2806 quidem,
645 2725 682 2785 ut
704 2742 788 2785 nunc
810 2741 861 2785 res
885 2725 948 2805 cst,
976 2724 1217 2806 antiquissimos

107 2823 220 2892 auctores
246 2826 428 2893 Varronem
461 2831 493 2892 et
520 2825 712 2893 Ciceronem
742 2826 852 2891 habet.
902 2826 1081 2892 Pristinum
1110 2833 1218 2894 autem

10 2922 14 2953 '³
108 2928 280 3013 vocabulum,
302 2933 390 2998 haud
414 2933 508 2999 dubia
532 2937 749 3019 propagatum
774 2933 1005 2998 consuetudine
1028 2936 1128 3021 vulgi,
1150 2958 1216 3001 non

107 3033 144 3093 eli
165 3040 272 3105 mirum
300 3061 448 3106 servasse
476 3040 656 3124 dactylicos
684 3041 812 3124 poetas,
844 3044 882 3105 ut
909 3062 1047 3124 quorum
1073 3043 1217 3107 numeris

105 3135 289 3228 refragaretur
316 3167 467 3231 graecmn
496 3167 628 3212 nomen:
660 3144 756 3210 huius
789 3146 875 3211 enim
908 3148 1217 3232 antepaenultimam

104 3249 202 3317 praetsr
225 3253 387 3320 rationem
417 3254 592 3337 producere
620 3254 816 3338 posteriores
840 3252 970 3319 demum
992 3254 1123 3339 quidam
1147 3257 1218 3320 ausi

105 3353 317 3442 ⁸¹1fltquorum
341 3360 488 3443 exempla
509 3359 611 3424 habes
635 3361 720 3444 apud
743 3358 912 3445 Vngerum
935 3357 974 3424 de
993 3360 1114 3446 Valgio
1132 3361 1218 3428 Rufo

103 3468 129 3527 P·
145 3454 193 3526 221
211 3487 225 3529 s
247 3517 254 3530 .

172 3488 310 3638 (leticum
338 3573 392 3637 vix
420 3594 491 3637 esse
514 3573 690 3638 cavendum
713 3576 808 3657 puto,
834 3574 970 3658 nequis
995 3576 1034 3640 ad
1057 3575 1227 3659 explicans

103 3657 163 3731 dun
181 3671 380 3743 ‘Bremia'
403 3679 619 3764 veriloquium
642 3678 731 3743 Festi
751 3679 862 3765 glossa
885 3681 1038 3746 abutatur
1057 3681 1219 3766 epitomae

105 3799 287 3831 -κ-

163 3902 197 3970 lo)
213 3904 273 3962 Non
297 3906 419 3977 ineptiat
443 3922 488 3962 me
511 3906 617 3976 indice,
644 3907 667 3962 si
691 3907 753 3978 quis
772 3908 801 3962 in
820 3909 1065 3965 Menaechmorum
1083 3910 1175 3965 verbis
1192 3927 1218 3964 v.

103 3979 188 4072 tiraq·
209 3994 326 4051 ‘inauris
352 3996 389 4051 da
411 3996 494 4064 mihi,
520 3996 652 4051 faciunda
676 3997 769 4066 pondo
788 4015 934 4052 nummum
953 3999 1037 4055 duom
1056 3999 1218 4069 stalagmia’

104 4079 179 4130 ΨΜ]
195 4083 362 4155 ‘stalagmia’
382 4102 483 4140 nomen
498 4086 533 4139 de
547 4084 707 4154 margaritis
721 4085 931 4157 interpretetur,
950 4088 1053 4159 quippe
1067 4090 1157 4158 figura
1170 4105 1221 4142 sua

105 4152 155 4210 ω]
169 4166 290 4230 sinilibus
308 4175 453 4245 guttarum
471 4176 504 4228 ut
517 4173 587 4228 nihil
603 4191 694 4243 supra.
725 4174 902 4244 Quamquam
917 4177 1111 4231 necessitatem
1125 4179 1220 4231 tamen

110 4237 285 4318 fail11dumest
303 4263 333 4317 id
353 4280 408 4318 non
427 4263 539 4332 habere,
558 4280 620 4318 eum
639 4263 669 4317 in
687 4264 805 4334 parilem
823 4266 942 4333 figuram
960 4283 1016 4319 non
1035 4265 1141 4335 lapides
1159 4267 1220 4320 tan·

108 4328 158 4386 “¹¹¹¹
171 4341 193 4407 (i
210 4365 229 4405 e.
247 4354 400 4421 gemmae),
426 4350 475 4406 sed
501 4367 598 4406 aurum
621 4367 731 4419 quoque
749 4351 912 4408 fabricando
931 4353 1064 4422 perfacile
1084 4353 1174 4424 redigi
1192 4355 1220 4409 et

109 4421 205 4488 mittut
220 4440 246 4492 ct
262 4440 346 4494 bodie
365 4441 462 4496 soleat.
