2924 5046
400 381 641 442 ovausrrouas
666 381 998 429 ououunouooicsu.
1203 363 1269 429 315

92 517 113 554 '²
130 522 376 602 Καλόδωροε
400 522 619 589 Calidorus:
647 525 835 592 adulescens
859 524 1019 590 Pseuduli.
1064 524 1140 589 Non
1164 526 1271 588 minus

173 634 255 694 reete
279 653 375 714 quam
396 654 415 694 a
433 632 550 696 κάλλος
570 631 729 696 ducuntur
750 632 936 696 Koltivueoc'
952 631 1178 710 *ualltuopoc
1198 654 1270 695 eum

173 736 327 801 similium
350 760 451 821 prope
474 737 604 801 infinita
626 736 842 820 multitudine,
867 737 907 800 ad
930 736 1026 801 καλό(
1045 737 1199 820 pauciora
1219 760 1270 801 ex-

169 841 276 924 empla
305 843 442 909 redeunt
470 845 580 928 qualia
608 850 684 909 sunt
708 844 863 921 Καλονίκη
892 839 1001 927 (idque
1025 843 1270 928 Aristophanis)

171 948 383 1013 Καλοκλείὸα(
409 950 587 1016 Καλόξενοε
611 951 810 1015 Καλοπόδιο(
831 949 1026 1027 Καλότυχο(;
1052 949 1270 1038 adsoiverunt-

168 1077 228 1139 que
253 1078 325 1119 eam
348 1055 577 1122 formationem
597 1057 694 1121 etiam
713 1056 862 1138 Romani,
885 1056 976 1120 velut
992 1055 1185 1135 Καλόκαιρο(
1204 1055 1270 1120 fao-

168 1166 238 1224 tum
269 1167 319 1225 est
347 1161 530 1228 Communes
557 1163 583 1228 I.
612 1163 650 1228 a.
673 1163 713 1229 N.
741 1164 838 1228 6803.
862 1165 958 1228 6844.
1007 1162 1131 1226 Rursus
1161 1167 1269 1226 autem

167 1290 263 1351 quem
291 1268 331 1331 ad
361 1270 491 1334 modum
516 1273 687 1351 Δημοφῶν
712 1250 898 1350 Κλειτοφῶν
927 1269 1124 1333 transierunt
1152 1269 1186 1332 in
1208 1268 1269 1334 De·
1391 1295 1395 1299 ·

167 1374 270 1455 miplso
293 1374 439 1458 Clitipho,
469 1376 516 1440 ita
543 1397 674 1459 prorsus
702 1377 871 1453 ἀναλόγως
895 1397 911 1438 e
937 1375 1129 1453 Καλόδωρο(
1152 1376 1190 1438 fit
1213 1376 1271 1440 Ca·

170 1480 294 1544 lidorum.
341 1481 448 1566 Atque
477 1484 524 1547 sie
551 1485 706 1568 seriptum
734 1504 852 1547 nomen
881 1503 937 1565 per
960 1480 1155 1545 Pseudulum
1179 1482 1270 1547 fabu-

167 1586 232 1650 lam
264 1588 407 1673 septiens
437 1595 543 1655 exstat
575 1591 610 1655 in
642 1590 761 1654 Vetere
793 1590 915 1672 codiee,
947 1589 1026 1652 item
1059 1588 1202 1671 septiens
1234 1589 1269 1652 in

168 1691 352 1779 Deourtato,
376 1697 510 1761 noviens
533 1698 567 1762 in
587 1696 746 1762 Vaticano
770 1697 848 1783 (nisi
872 1695 957 1780 quod
982 1694 1080 1759 semel
1105 1699 1138 1760 et
1160 1695 1213 1760 hio
1237 1700 1270 1760 et

169 1798 365 1866 Deeurtatus
388 1803 639 1870 immemorabili
663 1805 757 1887 lapsu
777 1804 969 1869 Callidorum
993 1800 1128 1885 dieunt),
1146 1801 1196 1865 bis
1221 1799 1273 1885 (ut

170 1905 297 1988 quidem
319 1909 423 1973 visum
446 1908 508 1996 est)
531 1911 775 1976 Ambrosianus.
812 1908 934 1975 Contra
958 1911 1072 1992 quater
1095 1909 1129 1970 in
1143 1906 1270 1985 Vetere,

170 2017 217 2074 ter
230 2012 266 2075 in
280 2013 469 2107 Decurtato,
489 2016 589 2080 semel
607 2018 642 2080 in
656 2016 818 2081 Vaticano
834 2015 1005 2097 aalydorus
1023 2013 1152 2097 legitur,
1171 2013 1270 2077 idem-

171 2139 228 2197 que
254 2120 491 2187 Ambrosianus
521 2128 553 2187 et
576 2123 632 2205 IV,
655 2126 681 2203 1,
703 2126 723 2187 2
746 2122 840 2208 (906)
867 2121 997 2185 exhibet
1022 2125 1055 2184 et
1078 2120 1268 2204 Argumenti

172 2223 234 2287 alia
257 2247 355 2290 mauu
379 2228 492 2311 scripti
516 2251 610 2293 versu
637 2229 686 2294 15.
730 2230 801 2306 Quo
826 2251 897 2293 euru
922 2228 1087 2293 accederet
1109 2226 1208 2291 semel
1233 2248 1270 2290 ex

173 2330 283 2395 eodem
297 2332 516 2399 Ambrosiano
536 2335 561 2417 J,
580 2337 689 2419 3,149
710 2332 804 2420 (383)
829 2335 992 2420 proditum
1011 2333 1170 2411 Caludore,
1194 2332 1271 2397 hino

171 2437 334 2519 profectus
365 2439 590 2506 Fleckeisenus
623 2442 728 2506 Musei
760 2442 863 2506 Rhen.
891 2447 913 2505 t.
941 2439 1021 2504 VIII
1049 2462 1079 2523 p.
1108 2440 1171 2505 228
1205 2462 1268 2504 non

174 2542 234 2605 alia
256 2544 322 2607 nisi
345 2544 403 2609 illa
426 2546 497 2630 ipsa
516 2545 688 2613 Culudoms
708 2548 815 2613 forma
833 2571 926 2612 usum
947 2569 1016 2611 esse
1036 2547 1189 2611 Plautum
1208 2546 1271 2610 sibi

173 2651 339 2731 persuasit.
385 2650 460 2716 Non
488 2654 683 2718 obstinatius
711 2656 839 2739 negabo
867 2653 938 2716 fieri
965 2652 1170 2737 potuissent
1193 2653 1227 2715 in
1249 2674 1269 2714 u

174 2756 324 2820 transiret
351 2778 468 2842 graeca
491 2781 510 2824 o
533 2760 668 2825 vocalis:
697 2761 752 2825 sed
777 2761 924 2854 exempla
947 2764 1071 2843 tamen,
1099 2780 1180 2842 quae
1204 2758 1272 2840 qui-

175 2860 240 2956 dem
264 2862 358 2945 paria
381 2864 456 2948 sint,
479 2865 636 2950 desidero,
659 2889 718 2931 nee
736 2867 884 2931 dubitare
903 2867 993 2950 prius
1012 2865 1156 2929 desinam
1175 2887 1272 2948 quam

175 2967 233 3031 tale
257 2969 417 3052 prodierit
439 2972 533 3056 quale
557 2971 717 3055 Demupllo
740 2973 791 3037 vel
811 2971 956 3055 Cll'tuplro
975 2972 1024 3035 vel
1045 2971 1272 3036 Lemnuselenis

179 3066 316 3140 loturum
345 3078 402 3161 sit,
430 3072 482 3141 v'el
506 3078 743 3162 Dionysodorus
771 3081 1006 3163 tlarmupounm
1031 3080 1273 3162 trupueomoedia

179 3183 350 3265 composita
374 3207 393 3247 a
416 3184 625 3250 Fleckeiseno
648 3186 751 3251 Musei
766 3186 868 3252 Rhen.
892 3188 912 3251 l.
928 3210 951 3251 s.
967 3211 1000 3269 s,
1023 3187 1074 3250 vel
1099 3186 1272 3250 Il'ieubulus

180 3285 359 3355 laudantes
380 3313 453 3356 eum
476 3292 629 3357 affinibus
653 3293 816 3379 ceteris*).
849 3292 935 3358 Nam
959 3293 997 3357 de
1021 3313 1137 3378 graeco
1162 3293 1270 3376 aliquo

177 3390 362 3476 tulooopoc
385 3398 529 3481 nomine,
553 3421 616 3482 quo
636 3421 837 3464 communem
861 3421 932 3463 eum
958 3401 1111 3464 Καλυδών
1135 3401 1271 3483 stirpem

170 3492 337 3585 habuerit,
369 3503 476 3587 ipsum
509 3503 752 3569 Fleckeisenum
784 3528 851 3570 non
884 3507 1021 3589 amplius
1054 3507 1272 3590 cogitaturum

160 3607 373 3691 crediderim,
410 3610 487 3694 quia
520 3611 566 3676 ita
599 3612 709 3695 aliqua
740 3614 813 3694 ω’ρᾶ
845 3612 1072 3676 terminatione
1105 3634 1186 3696 opus
1220 3611 1272 3692 sit,

156 3725 252 3789 quae
276 3714 369 3778 nulla
392 3714 454 3779 suit
477 3717 512 3780 in
534 3718 719 3782 nominibus
744 3718 894 3802 propriis.

92 3805 326 3899 ‘Kassope
349 3818 546 3887 Canthara
569 3821 778 3907 (Gauranis
803 3824 912 3888 nutrix
936 3823 1124 3907 adelphum
1149 3860 1190 3869 —
1213 3814 1272 3887 ¹an-

142 3919 257 4005 oilla,
280 3926 409 4011 Epidioi
432 3928 490 4007 IV,
516 3932 543 4013 1,
566 3932 623 4015 403
651 3967 687 3975 -
713 3931 792 3994 item
817 3931 957 3994 Andriae
981 3929 1038 4013 IV,
1056 3932 1087 4011 4,
1106 3931 1149 3994 30
1168 3929 1270 4016 (769).

92 4027 340 4062 N—

185 4114 226 4187 *λ
244 4120 336 4174 Vnum
362 4122 490 4190 memini,
519 4124 593 4193 quod
619 4124 673 4178 huo
700 4124 838 4192 quispiam
865 4122 980 4190 referat,
1008 4123 1150 4191 proditum
1173 4122 1272 4178 Militis

92 4181 244 4262 {lor-imi
267 4227 292 4265 ν.
313 4215 347 4262 14
371 4210 400 4263 in
419 4211 497 4265 libris
516 4212 889 4275 clatumistaridisurcltidis,
913 4210 986 4263 unde
1005 4210 1088 4264 facile
1108 4211 1273 4265 ratiocinare

92 4264 174 4335 ‘⁷¹¹⁶‘
185 4299 507 4369 umatoridysarehides
525 4300 619 4370 potius
638 4287 814 4354 efficiendum
833 4316 893 4353 esse
912 4316 1004 4367 quam,
1024 4300 1099 4367 quod
1118 4316 1170 4369 ego
1184 4301 1273 4369 posui,

92 4351 511 4460 ”stoma-ananius.
549 4387 603 4443 aer
630 4389 658 4442 sn
682 4387 768 4442 anta
792 4386 846 4441 1001
869 4385 944 4440 iuius
969 4385 1132 4456 corruptelis
1155 4393 1273 4463 appara

92 4454 165 4508 Μ
197 4474 365 4529 munus
383 4474 526 4538 immin
545 4476 611 4530 sues
629 4476 745 4530 nimium
766 4474 951 4530 tribuendum.
