2888 5040
463 342 751 394 conusn'raarvs.
1112 322 1177 386 239

59 493 103 552 eet
129 489 191 554 fidei
221 490 379 554 librorum
407 489 487 553 satis
515 489 638 553 factum
666 489 721 572 qui
745 488 782 552 dc
808 483 1082 569 praepositionem
1111 504 1177 546 om·

53 616 107 658 nea
131 600 237 660 tenent
282 593 369 659 Hine
397 594 499 679 igitur
525 595 688 679 profectus
712 592 900 675 Schopenus
928 590 1039 654 subtili
1067 592 1104 653 ut
1128 610 1179 651 so·

50 700 96 764 let
126 701 230 767 iudicio
254 699 402 765 Suetonii
429 723 561 766 manum
585 701 632 766 sic
655 706 707 764 est
730 699 915 764 adsecutus:
958 696 1113 760 Volcatius
1140 696 1179 758 in

48 808 333 872 dinumeratione
359 808 499 871 omnium
525 806 559 873 h.
586 828 612 871 e.
642 805 715 870 ‘ubi
748 805 859 868 ordine
893 825 950 867 suo
979 824 1091 866 omnes
1125 823 1180 864 sex

47 913 207 978 recenset'.
255 911 341 977 Nam
375 911 461 996 quod
492 912 614 976 omissa
644 911 884 994 praepositione
911 908 1055 991 potuisse
1082 908 1181 971 etiam

45 1020 278 1084 mammae
304 1019 369 1083 dici
396 1018 585 1101 simpliciter
608 1017 747 1082 Rothius
776 1017 838 1082 sibi
865 1015 1026 1098 persuasit
1053 1036 1083 1096 p.
1110 1014 1182 1095 180,

47 1125 90 1189 de
115 1147 145 1190 eo
163 1125 277 1190 fefellit
299 1147 373 1189 cum
397 1125 520 1208 opinio:
543 1147 602 1190 nec
626 1126 799 1209 quicquam
822 1123 960 1187 alienius
989 1141 1085 1204 qnam
1114 1119 1182 1202 qui-

48 1230 116 1294 bus
138 1232 232 1296 ulitur
264 1231 420 1314 exemplis
449 1230 590 1313 ‘tebald
623 1229 843 1314 ‘praefatione'
872 1233 905 1292 et
933 1249 1014 1310 quae
1042 1229 1117 1290 sunt
1140 1225 1181 1288 si-

51 1336 151 1414 milia,
174 1337 300 1422 quando
328 1358 389 1402 nec
411 1338 495 1402 liber
517 1360 577 1402 nec
600 1344 689 1402 certa
711 1359 788 1420 pars
811 1336 886 1400 libri
909 1334 959 1399 vel
983 1333 1100 1397 iunctis
1123 1329 1181 1394 ‘di-

52 1447 210 1515 unacco
231 1443 382 1509 mnodum’
407 1445 514 1509 verbis
538 1444 590 1509 vel
613 1444 751 1528 simplici
772 1439 1000 1507 ‘dinumeratio'
1025 1437 1182 1502 vocabulo

57 1550 195 1631 appellari
225 1551 342 1634 potuit
371 1587 413 1597 —
441 1549 593 1616 Ceterum
626 1573 721 1635 quem
754 1549 821 1613 veri
854 1547 1105 1611 dissimillimum
1133 1548 1183 1607 est

57 1650 98 1715 de
127 1655 352 1721 enumeratione
379 1654 565 1721 fabularum
593 1659 847 1720 commentatum
875 1675 958 1734 esse,
986 1653 1014 1716 is
1037 1651 1183 1734 prolecto

59 1755 146 1842 longe
171 1763 266 1827 etiam
298 1761 463 1826 difficilius
495 1762 643 1827 credetur
674 1764 711 1826 de
741 1761 985 1826 renunerotionc
1011 1755 1183 1821 earundem

60 1860 156 1930 dedita
175 1889 270 1951 opera
288 1869 488 1951 exposuisse:
512 1890 610 1953 quam
628 1867 822 1933 Mommseni
841 1867 1058 1930 coniecturam
1076 1862 1098 1926 l.
1117 1884 1140 1925 s.
1160 1884 1185 1924 s.

60 1965 183 2038 Rotbius
209 1974 486 2038 commemoravit.
531 1972 599 2038 Nec
626 1979 755 2057 practer
778 1994 877 2037 unam
900 1968 1092 2036 Eunuchum
1114 1988 1186 2049 pro·

60 2069 155 2142 babile
178 2085 226 2145 cst
253 2080 387 2143 omnino
414 2080 577 2163 proditum
606 2101 675 2144 esse
704 2080 878 2144 memoriae
906 2081 939 2141 et
966 2077 1006 2140 sd
1038 2078 1184 2156 posteros

59 2191 273 2269 propagatum,
306 2185 469 2270 quodnam
503 2210 522 2252 a
549 2186 697 2252 ludorum
725 2185 928 2251 curatoribus
955 2181 1094 2267 pretium
1123 2179 1185 2243 sin·

59 2282 148 2360 gulae
165 2291 291 2357 fabulae
314 2291 527 2356 Terentianae
551 2293 752 2357 meruissent

140 2392 207 2479 Peg.
229 2397 298 2473 208,
321 2397 341 2462 2
364 2398 449 2482 quod
471 2399 505 2462 in
527 2399 619 2462 libris
643 2403 676 2462 et
698 2398 830 2481 optimis
854 2402 887 2460 et
909 2393 1055 2478 plurimis
1078 2392 1186 2476 prodi·
1200 2415 1240 2454 sos

59 2490 127 2558 ium
149 2507 193 2566 eet
219 2502 376 2568 muudus
398 2505 520 2585 quidm
542 2506 588 2569 bis
609 2506 659 2569 dic
680 2509 751 2568 octo
773 2508 832 2584 cst,
861 2501 1044 2566 rectissimo
1067 2498 1186 2562 iudicio

62 2589 248 2712 lerruannua
277 2609 585 2694 Oudendorpiusque
618 2614 850 2709 perspexerunt
882 2609 962 2671 nihil
997 2606 1084 2670 aliud
1117 2627 1187 2668 esse

62 2707 193 2777 ¹¹1⁸i‘bis
214 2715 354 2799 singulis
378 2715 503 2781 diebus'
528 2717 577 2781 vel
597 2715 742 2781 ‘cottidie
761 2714 836 2780 bis’:
861 2714 892 2777 id
912 2713 998 2796 quod
1017 2717 1096 2775 satis
1116 2734 1187 2775 curn

67 2805 185 2882 aliorum
214 2825 285 2884 turn
316 2821 419 2904 ipsius
448 2819 595 2886 Suetonii
627 2823 782 2905 exemplis
814 2820 971 2904 probatur
1004 2819 1044 2882 ab
1077 2819 1188 2881 eodem

71 2906 271 3008 Oudendorpio
291 2927 479 3009 compositis
498 2928 532 2991 in
551 2928 608 2992 vit
622 2927 746 2992 Galbae
766 2950 791 2992 o.
806 2929 827 2990 4
842 2932 875 2991 et
894 2925 923 2989 d.
938 2925 1079 3009 Augusti
1095 2947 1121 2988 c.
1137 2926 1190 3006 31,

77 3020 149 3089 velut
171 3052 236 3094 eum
259 3030 387 3096 ‘liberti
410 3033 559 3116 seruique
582 3033 628 3097 bis
650 3035 699 3098 dic
721 3033 908 3116 frequentes
932 3029 1059 3094 adesse'
1083 3029 1190 3092 dieun-

82 3122 132 3207 Ἦ,
152 3135 194 3198 rel
215 3136 417 3220 ‘compitales
440 3136 539 3202 Lares
563 3139 609 3203 cis
630 3159 714 3203 anno
738 3136 858 3202 ornari'
883 3142 1020 3219 atquae
1044 3140 1119 3200 sunt
1142 3157 1190 3199 ce·

87 3226 138 3293 *⁴1²
154 3259 273 3319 prorsus
297 3243 424 3323 parilia.
469 3243 505 3307 Id
530 3249 734 3309 autemeam
758 3243 933 3307 absurdum
957 3247 1042 3307 esset
1061 3243 1099 3306 de
1119 3247 1191 3306 aeta

90 3326 300 3427 tancredici,
325 3347 443 3412 mirum
466 3371 532 3413 non
555 3354 605 3414 est
628 3350 667 3414 de
691 3349 835 3413 eicienda
853 3350 902 3414 dic
921 3370 998 3413 voec
1016 3352 1092 3431 post
1110 3348 1192 3412 alios

11 3470 16 3537 p
94 3453 126 3499 ΜΘ
143 3467 248 3536 quoque
267 3452 400 3537 Parerg.
418 3478 448 3538 p.
468 3456 533 3520 333
557 3461 626 3520 tum
650 3457 811 3541 cogitasse
835 3478 907 3520 cum
927 3450 998 3520 cam
1017 3478 1082 3520 non
1102 3455 1192 3538 potui

95 3560 139 3610 ¹¹⁰ss
160 3559 274 3624 novicio
307 3560 535 3642 interpolatori
567 3563 723 3645 tribuere,
756 3563 874 3647 quippe
903 3584 998 3646 quam
1026 3564 1113 3645 typis
1141 3583 1191 3624 ex·
1278 3638 1281 3643 ι

94 3666 170 3729 prena
184 3665 326 3748 exempla
339 3665 413 3730 inde
428 3689 447 3730 a
460 3668 606 3751 principe
620 3670 730 3732 omnia
744 3669 944 3754 ignorarent:
969 3674 1082 3732 eontra
1097 3672 1192 3750 atque

94 3773 171 3841 real³⁸e
186 3791 249 3835 esse
272 3792 358 3835 nune
377 3772 486 3837 scitur.
522 3773 567 3837 Et
586 3775 748 3839 sententia
767 3774 894 3858 quidem
913 3773 988 3856 quid
1009 3773 1193 3856 requireret,

89 3867 128 3927 Sal
146 3881 217 3940 certo
242 3877 364 3941 indicio
392 3877 514 3943 Donati
542 3881 640 3944 verba
667 3882 820 3945 exstitere
850 3879 901 3943 ‘ut
922 3881 1033 3942 iterum
1055 3884 1194 3961 operetur

82 3987 128 4052 Μ
143 3979 230 4059 num',
253 3981 371 4065 quibus
395 3983 459 4062 ille,
483 3985 637 4070 quidquid
661 3986 743 4071 legit
766 3987 850 4069 apud
874 3985 1073 4067 Suetonium,
1096 3985 1193 4047 inter-

80 4084 196 4162 pretatus
227 4094 278 4152 est
309 4089 489 4154 verissime:
522 4091 608 4174 quod
637 4113 697 4177 ego
726 4112 828 4176 genus
857 4091 1040 4155 universum
1068 4090 1089 4152 l.
1118 4112 1141 4153 s.
1169 4112 1194 4153 s.

79 4184 164 4254 dedita
183 4214 280 4276 opera
304 4198 491 4275 persecutus
512 4218 592 4261 sum.
628 4197 742 4281 ltaque
761 4220 834 4261 cum
853 4198 931 4260 olim
950 4197 1021 4280 ipsa
1034 4217 1094 4278 pro
1111 4216 1195 4259 nmio

75 4297 154 4362 rerba
179 4297 381 4364 intercidisse
411 4305 486 4382 post
513 4301 559 4366 bis
582 4304 805 4386 coniecissem,
835 4305 909 4386 post
933 4302 1026 4366 facile
1049 4302 1194 4366 intellexi

67 4405 162 4491 potius
187 4405 253 4470 tale
283 4406 437 4488 quiddam
461 4407 617 4490 scriptum
641 4410 741 4474 fuisse
766 4409 875 4492 (puelia
899 4413 975 4473 sunt
997 4410 1043 4475 bis
1067 4411 1193 4489 [cedern]
