2924 5046
446 336 488 380 zu
512 308 772 382 uarmnlsonnn
797 337 972 384 annonara.
1215 321 1278 384 837

224 479 297 561 lpse
321 478 400 542 facit
424 478 568 542 madidos
592 484 625 542 et
648 479 803 563 grandine
827 482 978 544 uerberat
1000 503 1107 567 agros.

224 585 302 648 lude
327 608 461 669 sequens
485 585 605 668 Aquilo
629 586 734 650 dictus
757 588 924 672 consurgit
948 587 987 651 ab
1012 588 1092 672 alto,

134 711 169 756 ao
225 691 345 755 Nubila
369 693 569 773 toncutiens,
593 692 648 755 sed
672 693 776 757 rarior
799 693 866 756 exit
887 693 920 757 in
945 694 1073 759 imbres.

154 793 160 800 ’
224 798 374 882 Frigidus
398 798 526 882 ignotas
550 798 680 863 Rhenus
705 803 874 883 exasperat
898 800 1012 884 undas,
1091 817 1094 822 ’

224 905 269 969 Et
291 927 393 988 nuper
415 904 571 988 liquidam
595 905 733 988 glaciem
757 905 835 969 facit
858 928 929 970 esse
952 908 1141 992 procellam,

223 1013 418 1094 Perpetuuru
442 1013 585 1075 montem
610 1011 674 1074 iam
698 1011 736 1074 de
761 1033 794 1074 se
818 1012 1058 1095 parturientem.

224 1119 363 1183 Additur
386 1118 500 1182 Aeolio
525 1122 592 1181 tam
616 1139 735 1202 magua
758 1117 907 1202 potentia
929 1124 1088 1184 monstro:

134 1246 167 1291 aa
223 1226 326 1290 Hoste
351 1226 409 1289 sub
433 1224 495 1290 hoc
518 1225 621 1289 nudas
645 1225 766 1310 refugit
789 1248 847 1289 sua
871 1209 976 1310 gloria
999 1227 1113 1304 siluas,

224 1332 498 1416 Conqueriturque
521 1332 653 1395 breuem
677 1332 772 1395 tellus
796 1331 953 1396 exhausta
975 1333 1131 1397 decorem.

223 1439 340 1505 Omnia
361 1439 525 1503 uincentes
548 1437 605 1501 isti
629 1441 694 1502 tres
719 1438 930 1503 conlaterales

223 1546 396 1631 Suspirant
418 1545 551 1609 tumidis
574 1544 739 1628 hyemalia
762 1549 909 1628 tempora
931 1546 1050 1610 buccis.

266 1723 461 1788 Secundus
485 1721 709 1787 Cardinalis
734 1722 974 1788 Subsolanus

310 1831 512 1894 Laterales
536 1830 617 1894 eius
644 1828 857 1894 Vulturnus
882 1835 919 1894 et
942 1830 1077 1894 Eurus.

223 1972 266 2035 At
290 1970 490 2036 Subsolauus
514 1971 612 2036 rutilo
636 1971 710 2054 tibi,
734 1960 879 2054 Phoebe,
902 1972 1080 2056 propinqus

134 2097 168 2143 30
222 2079 358 2162 Peplum
383 2078 526 2142 ceruleae
549 2078 662 2178 tygoui
686 2077 786 2142 siccat
810 2080 946 2142 amatae.

222 2184 308 2249 Huic
330 2185 417 2248 aliud
441 2207 559 2250 nomen
583 2185 667 2269 quod
692 2185 808 2248 dieitur
831 2183 1049 2268 Aphelyoten.

221 2292 380 2356 Eructaus
405 2291 547 2354 animam
570 2291 669 2374 parili
693 2291 911 2354 moderamine
936 2291 1083 2373 mixtam,

221 2397 289 2462 Nec
312 2397 475 2481 stringens
499 2397 643 2479 hebetat,
666 2397 769 2461 nimio
793 2419 851 2461 nec
876 2397 951 2481 igue
975 2403 1120 2481 uaporat.

223 2504 376 2568 Dextram
400 2503 594 2585 Vulturnus,
617 2503 744 2568 laeuam
769 2503 983 2567 circumtonat
1005 2503 1120 2567 Eurus.

131 2631 164 2675 aa
220 2611 382 2695 Decoquit
404 2610 492 2675 ans
515 2611 614 2692 prior,
637 2611 690 2674 hic
712 2610 879 2674 humectat
901 2632 1024 2674 arenas.

219 2717 369 2783 Calehias
394 2722 444 2781 est
468 2716 591 2780 calidus
614 2716 744 2801 Pelopis
768 2717 898 2801 regione
922 2722 1065 2782 uocatus.

197 2897 355 2961 Tercius
379 2894 599 2959 Cardinalis
625 2893 765 2958 Auster

241 3003 443 3067 Laterales
468 3002 550 3065 eius
570 3000 671 3064 Euro
692 3001 833 3065 Auster
851 3007 890 3064 et
909 3024 926 3065 e
946 3003 1089 3067 Austro
1109 3002 1274 3066 Africus.

219 3145 340 3209 Verum
365 3167 422 3228 per
445 3167 559 3209 zonam
583 3143 744 3208 solaribus
768 3144 898 3228 ignibus
922 3149 1045 3227 ustam,

219 3254 289 3328 Qua
313 3252 427 3316 recolit
449 3252 558 3315 fuscus
582 3251 743 3315 feruentia
765 3252 880 3316 littora
902 3250 1049 3335 Maurus,

218 3360 337 3423 Auster
360 3360 400 3422 ah
425 3358 587 3440 antipodis
610 3357 726 3422 humili
751 3359 891 3422 statione
915 3357 1048 3422 remotis

129 3484 163 3530 40
219 3467 330 3531 Mitior
353 3467 387 3529 in
410 3465 560 3549 patriam,
584 3487 679 3548 quam
703 3466 755 3529 lex
779 3466 877 3548 iubet,
901 3466 1008 3530 euolat
1031 3467 1136 3531 istam.

218 3572 365 3656 Namque
390 3571 646 3656 siuusgelidum
670 3571 799 3653 pariens
824 3571 1020 3635 antarcticus
1045 3571 1136 3635 illum

219 3680 320 3743 Aestu
344 3678 464 3742 mutari
487 3677 742 3761 dedignaturque
766 3676 874 3758 relidi,

219 3785 304 3849 Dum
327 3789 481 3870 peragrat
503 3785 643 3849 mediam
667 3789 835 3869 terraeque
859 3784 991 3867 polique
1014 3785 1163 3868 plateam.

217 3893 312 3957 Hunc
335 3914 462 3976 quoque
486 3890 666 3955 Daedaleae
688 3890 800 3955 Noton
824 3911 1009 3974 expressere
1032 3888 1185 3954 Miceuae.

129 4015 162 4062 45
219 3998 375 4082 Quicquid
398 4021 456 4062 uer
479 3999 593 4082 genuit
616 3997 752 4079 decoris,
776 3997 840 4061 sibi
864 3996 1025 4061 marcidus
1048 3995 1171 4079 haurit,

217 4105 410 4169 Interimens
434 4106 529 4169 flores
554 4108 586 4169 et
609 4104 806 4168 obumbrans
830 4104 915 4168 ruris
938 4103 1086 4167 honores.

217 4211 340 4275 Dextro
364 4212 419 4295 qui
443 4210 565 4275 famulo
589 4209 721 4274 dosedat
743 4231 861 4273 nornen
884 4213 917 4274 et
939 4209 1027 4274 Euro

217 4318 261 4380 At
285 4317 370 4380 latus
394 4317 587 4381 sensiferum
609 4314 758 4401 quatiens
781 4315 903 4380 Austro
927 4315 1067 4381 Affricus
1091 4317 1188 4380 udum

217 4423 344 4487 Gaudet
367 4424 543 4507 conpositis
567 4423 697 4510 gemino
721 4422 913 4507 cognomine
936 4423 1062 4506 pennis.
