2924 5046
422 345 699 393 miserrurusnvm
724 348 845 394 inanis.
1140 335 1205 398 389

96 492 262 561 onnam.
300 486 389 562 Quae
413 509 490 552 sane
514 488 554 551 ad
578 489 680 553 libros
705 490 743 552 de
768 512 801 553 re
825 491 946 554 rustica
970 493 1039 554 sine
1063 493 1128 557 ulla
1152 493 1206 557 du-

98 587 220 656 bitatione
250 594 460 676 referremus,
492 595 557 658 nisi
590 595 623 658 hi
657 597 845 679 superstites
879 603 996 662 essent.
1050 598 1112 662 Sed
1145 600 1205 664 hoe

101 699 347 783 quomodocunque
370 700 532 783 sehabet,
555 704 643 765 certo
663 724 680 764 e
700 704 880 786 gromatica
898 707 991 786 parte
1010 707 1205 789 geometriae

95 798 156 867 illud
176 809 263 888 ceput
286 805 526 871 Varronianum
559 808 696 890 petitum
724 812 808 891 erat,
837 811 928 874 cuius
956 833 1041 874 nunc
1069 812 1205 896 inscrip-

92 904 187 974 tionem
207 915 333 977 tantum
358 913 391 976 in
415 913 674 998 agrimensorum
694 915 885 981 collectione
905 918 1114 999 superst’tem
1134 942 1204 983 esse

87 1013 104 1089 d
129 1015 145 1079 5
169 1017 309 1083 vidimus
355 1019 569 1085 Frontiniano
598 1025 706 1085 autern
734 1021 925 1086 testimonio
953 1023 1073 1087 ibidem
1103 1025 1203 1090 allato

10 1128 12 1137 '
82 1119 178 1187 addere
204 1126 341 1190 alterum
371 1126 448 1191 licet
477 1149 494 1190 e
523 1149 553 1210 p.
582 1127 648 1191 215
670 1126 778 1193 (locst
799 1129 946 1219 ‘linaium
972 1131 1081 1212 priore
1108 1134 1202 1214 oripo,

76 1228 146 1292 ciceri
168 1232 262 1297 Varro
288 1234 459 1316 (ἰεςονιὶὶείέ,
490 1234 534 1298 ud
558 1234 755 1316 disciplinam
783 1235 961 1316 crispicans
984 1232 1087 1320 (codd.
1111 1241 1203 1304 oresti-

72 1353 150 1415 cam‚·
170 1362 208 1404 au
226 1339 476 1425 artasiensem)
500 1342 637 1405 noscitur
648 1342 811 1422 pertinere,
829 1344 911 1423 qood
927 1345 1082 1425 aruspices
1103 1345 1203 1408 ortem

68 1444 212 1511 terrorum
245 1449 276 1510 in
311 1449 390 1511 (lucu
415 1453 523 1530 portes
554 1449 725 1512 riioisermot
750 1497 758 1512 .
782 1498 789 1512 .
814 1497 821 1512 .
850 1452 882 1512 et
915 1471 996 1533 quae
1025 1454 1203 1533 sequuntur

65 1566 179 1634 magna
200 1553 340 1617 fortasse
368 1576 406 1618 ex
434 1558 527 1636 parte
555 1555 595 1618 ad
622 1553 724 1636 ipsius
748 1553 906 1617 Varronis
935 1554 1115 1637 exemplum
1139 1555 1202 1619 dis-

61 1661 181 1732 putate.

583 1839 602 1915 ἓ
630 1837 678 1901 19.

151 1981 176 2043 l.
214 1978 305 2055 Quod
329 1983 437 2043 autem
461 1979 642 2043 universam
662 1983 820 2043 terrarum
842 1979 1091 2063 descriptionem
1111 1979 1157 2063 (h.
1177 2000 1203 2046 e.

56 2085 254 2164 tenoemteo
272 2093 328 2165 τῆ(
348 2083 587 2170 οἰκουμένη(*))
603 2086 762 2151 Varronis
781 2087 817 2150 de
832 2087 995 2168 peonretrio
1014 2086 1097 2149 libro
1117 2108 1201 2150 ccm-

56 2189 247 2261 prehensam
276 2215 347 2256 esse
371 2192 601 2270 intelleximus,
631 2192 704 2255 inde
728 2215 812 2257 nove
835 2194 888 2256 lux
913 2194 1070 2257 obscurae
1094 2192 1202 2256 admo-

56 2286 133 2359 ‘lum
161 2299 346 2383 quaestioni
374 2298 524 2382 effulget
561 2297 694 2361 Etenim
718 2320 788 2363 curn
813 2303 878 2364 n'on
902 2299 1071 2364 mediocris
1095 2299 1202 2362 multi-

59 2395 141 2465 tudo
163 2409 248 2469 esset
275 2405 532 2490 fragmentorum
557 2403 835 2470 Varronianorum
866 2405 904 2467 ad
937 2404 1200 2488 geographiae
1242 2390 1247 2399 ¹

57 2507 307 2588 explicationem
331 2494 575 2594 pertinentium,
597 2510 773 2575 identidem
797 2512 979 2595 quaesitum
1002 2515 1061 2593 est,
1085 2512 1200 2594 quibus

56 2604 186 2682 andem
208 2618 294 2683 hanc
316 2618 410 2682 libris
433 2621 616 2683 tractasset.
657 2615 742 2682 Nam
765 2617 884 2681 Rerum
906 2617 1116 2682 decemremem
1140 2618 1200 2680 etsi

58 2726 123 2780 ⁸⁹11
145 2723 259 2808 integri
287 2724 378 2807 libri,
408 2725 449 2788 ab
474 2723 552 2786 VIII
581 2724 620 2787 ad
645 2722 739 2807 XIII,
766 2724 897 2787 fuerunt
920 2725 956 2786 de
979 2724 1066 2805 locis,
1093 2728 1200 2786 tamen

56 2807 128 2888 llos
144 2851 202 2894 non
227 2830 268 2895 ad
292 2833 421 2893 exteras
445 2833 548 2893 terras
573 2830 736 2912 quaslibet
760 2829 904 2912 patuisse
927 2828 1110 2912 Augustino
1135 2849 1199 2891 cre-

54 2912 194 2998 ‘lendum
217 2940 269 3000 est
292 2935 331 3000 de
351 2934 410 3000 civ.
429 2934 480 2999 dei
496 2934 591 3020 VI,4:
614 2935 732 3000 Rcrunc
749 2936 861 3017 quippo
878 2935 1088 2998 lrunraoauom
1107 2934 1201 2997 libros

51 3036 130 3101 ’ἔθη
149 3048 295 3125 wantum
323 3043 368 3106 ed
388 3042 489 3106 orbem
512 3047 679 3125 marmor,
706 3043 759 3105 scd
779 3046 930 3124 parantum
952 3043 996 3104 ad
1016 3042 1114 3105 solam
1136 3041 1199 3104 Ro

50 3142 145 3211 ”inm
158 3152 325 3233 pertinent,
346 3151 470 3232 scripsit
492 3146 571 3233 (non
593 3155 744 3231 quood-um
765 3151 809 3213 ud
830 3149 928 3213 solum
950 3148 1090 3232 ltaliam,
1114 3148 1199 3233 quod
1213 3171 1240 3210 m

51 3226 242 3321 Kahnerus
266 3256 288 3319 l.
308 3279 332 3320 c.
351 3278 378 3321 s.
400 3279 429 3338 p.
444 3256 486 3319 23
511 3254 644 3340 posuit).
681 3255 887 3319 Exstiterunt
908 3258 1075 3338 praeterea
1097 3255 1198 3337 Epioe·

50 3356 185 3426 ’nemos
205 3363 330 3428 nauales
352 3364 396 3427 ad
416 3361 598 3444 Pompeium
630 3361 705 3425 libri
730 3361 900 3426 Varronis:
931 3361 969 3425 de
993 3362 1109 3446 quibus
1133 3386 1198 3427 non

52 3443 146 3529 levia
170 3468 328 3551 quaedam
359 3467 556 3533 enucleanda
584 3470 708 3531 restant
736 3467 834 3531 etiarn
863 3471 938 3551 post
966 3468 1077 3532 doctas
1106 3489 1198 3532 curas

56 3552 216 3639 Kahneri
239 3598 271 3659 p.
298 3575 338 3639 18
357 3596 426 3658 sqq.
450 3577 483 3637 ee
506 3574 639 3657 Bergkii
663 3574 696 3637 m
720 3574 802 3638 Mus.
825 3574 939 3658 ponor.
960 3574 1063 3639 nien.
1086 3597 1160 3639 nov.
1185 3574 1198 3637 1

61 3682 102 3744 P·
121 3677 257 3766 ibisqq„
280 3702 375 3764 quem
398 3702 440 3744 ne
463 3684 600 3746 noverat
623 3681 752 3765 quidem
772 3681 901 3746 eosdem
920 3703 1022 3765 nuper
1040 3701 1198 3743 commen-

67 3772 162 3849 t{ilios
190 3788 307 3853 leviter
338 3791 476 3872 tangens
504 3787 659 3852 Oehlerus
688 3786 755 3852 Sat.
782 3787 874 3851 Varr.
907 3811 937 3871 p.
965 3789 1016 3853 64.
1067 3787 1119 3851 Ab
1147 3787 1198 3851 his

75 3889 168 3956 aulem
193 3894 288 3958 libris
319 3893 551 3958 alienissimam
582 3895 682 3958 totius
710 3894 798 3958 orbis
826 3897 984 3957 terrarum
1010 3893 1197 3976 descriptio-

80 4004 142 4057 nem
159 3998 268 4084 fuisse,
292 4000 372 4064 satis
395 4022 433 4064 ex
457 4000 529 4084 ipso
554 4002 721 4083 scriptoris
746 4002 882 4065 consilio
906 4003 1054 4084 apparet,
1079 4000 1198 4083 quippe

86 4111 158 4174 luem
177 4108 316 4173 sciamus
339 4107 458 4172 librum
481 4107 575 4172 illum
600 4105 656 4172 On.
680 4108 832 4192 Pompeio
857 4129 914 4191 per
937 4107 1114 4191 Hispanias
1139 4109 1197 4172 mi-

10 4242 21 4343 ι
89 4246 266 4278 κ...

142 4346 163 4419 'l
177 4351 219 4409 sie
238 4353 312 4409 enim
325 4352 498 4424 Protagorae
516 4354 671 4424 geographi
691 4354 761 4407 liber
775 4353 923 4422 inscriptus
937 4355 997 4408 erat
1011 4355 1082 4408 teste
1096 4352 1197 4407 Photio

95 4420 180 4498 *blo
194 4446 245 4501 rso
262 4441 328 4500 eon
342 4441 375 4498 Β.
392 4441 521 4498 reunsi>
540 4444 569 4496 m
588 4443 656 4496 nus.
677 4442 773 4512 philol.
794 4442 817 4495 n
837 4460 864 4512 p.
885 4447 944 4496 sm.
