2924 5046
1210 330 1273 395 507

132 489 292 574 reliquum
315 489 437 556 iecerit
473 489 637 573 Apparuit
660 492 767 553 autem
791 489 934 555 codicem
958 490 1062 573 illum,
1086 513 1182 574 quem
1206 513 1275 555 eae-

131 595 204 662 eulo
237 594 303 661 XII
330 597 554 681 catalogorum
581 596 616 660 in
644 595 715 679 ipsa
742 596 942 662 bibliotheca
968 597 1165 661 exstantium
1194 597 1276 661 alter

131 702 262 788 tribuit,
285 703 369 768 alter
390 703 516 768 ineunti
538 700 631 786 XIII,
660 724 771 768 omnes
804 703 879 768 dum
901 704 1029 789 integer
1052 708 1102 769 est
1124 702 1276 788 Origenis

132 812 163 874 in
193 809 362 895 Genesim,
389 808 552 894 Excdum,
580 808 776 894 Leviticum,
808 808 969 875 Numeros
996 810 1149 876 homilias
1176 812 1276 876 latine

132 939 304 982 conversas
337 941 357 982 a
389 916 506 982 Rufino
539 915 743 999 complexum
775 939 860 1000 esse,
892 916 1066 1001 deperditis
1098 941 1173 983 vero
1206 941 1275 1003 per-

132 1024 245 1088 multis
269 1024 465 1089 membranis
488 1024 536 1088 ita
558 1023 710 1087 mutilum
734 1023 876 1088 evasisse
899 1028 1023 1090 utnon
1046 1025 1155 1108 plures
1179 1048 1275 1109 quam

133 1129 188 1195 CV
208 1129 416 1196 membranae
434 1150 518 1194 nuno
538 1129 728 1213 superstites
749 1129 825 1193 sint.
858 1130 965 1213 Atque
983 1129 1127 1194 homiliis
1147 1128 1276 1213 quidem

137 1238 216 1320 ipsis
240 1236 409 1302 immorari
431 1235 483 1300 hio
506 1234 590 1299 nihil
613 1234 744 1300 attinet:
767 1234 937 1320 prologum
957 1240 1066 1300 autem
1085 1235 1303 1320 Hieronymir

135 1344 165 1407 in
181 1342 306 1407 duabus
321 1342 451 1428 paginis
464 1342 630 1426 bipertitis
648 1341 863 1426 perscriptum
880 1341 1040 1407 laetamur
1055 1342 1141 1428 quod
1156 1341 1276 1407 Schlei·

137 1449 224 1514 cheri
248 1449 380 1533 virtute,
406 1449 626 1514 litteratorum
650 1452 758 1512 autem
785 1447 953 1513 hominum
976 1472 1042 1515 non
1064 1450 1218 1515 mediocri
1240 1454 1277 1514 ut

135 1560 283 1639 putamus
317 1554 499 1637 commodo,
536 1555 700 1639 integrum
723 1575 808 1618 nuno
840 1554 957 1618 iterare
994 1556 1070 1620 licet
1103 1556 1143 1620 ad
1174 1556 1275 1639 ipsius

135 1663 227 1726 tidem
252 1661 372 1726 codicis
396 1682 595 1746 expressum,
624 1665 657 1725 et
685 1660 732 1725 ita
754 1660 884 1745 quidem
908 1683 1094 1745 expressum
1117 1668 1166 1746 ut,
1194 1687 1277 1747 quae
1341 1723 1346 1731 ,

135 1771 171 1834 ad
205 1768 379 1854 Origenem
410 1768 587 1852 pertinent,
624 1768 688 1832 nisi
721 1767 776 1831 ubi
809 1768 963 1854 ambigua
995 1774 1081 1834 esset
1112 1771 1276 1853 memoria,

136 1875 327 1960 simpliciter
348 1874 546 1959 transcripta
569 1874 650 1957 sint,
677 1878 792 1938 eontra
820 1873 856 1937 in
882 1874 1002 1957 prioris
1025 1876 1162 1960 paginae
1185 1879 1276 1960 perte

135 1984 253 2066 priore,
295 2003 377 2067 quae
415 2003 543 2046 omnem
579 1979 737 2046 Varronis
774 1980 1001 2059 πολυγραφίαν
1042 1983 1277 2065 complectitur,

135 2089 290 2154 laudabili
318 2087 456 2153 consilio
488 2087 579 2171 ipsae
612 2086 795 2151 litteramm
827 2086 965 2168 formae,
998 2088 1110 2170 quales
1139 2092 1215 2153 sunt
1242 2089 1277 2153 in

135 2197 254 2280 codice,
283 2194 440 2260 imitando
467 2197 739 2278 repraesentatae.
779 2192 893 2276 Itaque
916 2215 976 2257 nos
1004 2194 1178 2260 coniuncta
1204 2218 1276 2261 cum

135 2300 332 2387 typographi
350 2299 551 2386 lithographi
571 2303 640 2364 arte
659 2298 841 2382 exemplum
860 2299 978 2364 codicis
997 2300 1083 2364 infra
1101 2301 1278 2384 posuimus,

136 2410 218 2493 qnod
242 2409 298 2493 qui
320 2408 510 2472 intueantur
532 2409 584 2470 sat
602 2409 727 2470 certum
745 2405 992 2470 meditationum
1012 2428 1142 2471 suarum
1165 2408 1277 2473 funda·

135 2520 279 2581 mentum
310 2511 456 2578 habituri
484 2532 553 2577 esee
582 2511 760 2575 videantur.
801 2510 915 2595 Neque
948 2512 1033 2576 enim
1067 2510 1106 2575 de
1139 2512 1282 2596 singulis

135 2622 194 2687 hoe
227 2622 300 2686 loco
333 2619 499 2705 disputare
530 2618 580 2682 vel
613 2618 739 2682 animus
772 2618 867 2682 nobis
899 2619 951 2682 vel
980 2619 1083 2682 otium
1115 2617 1190 2682 fuit:
1223 2618 1277 2701 qui

135 2728 306 2793 materiam
325 2721 566 2792 commentandi
585 2723 678 2787 vobis
700 2722 829 2787 tradere
849 2745 947 2807 quam
971 2725 1277 2789 commentationem

135 2823 286 2899 exhibere
319 2832 384 2917 ipsi
412 2831 630 2896 maluerimus.
673 2828 795 2906 Quodsi
830 2829 998 2913 utriusque
1026 2831 1166 2913 exempli
1194 2854 1278 2895 nunc

135 2940 377 3023 comparatione
410 2938 563 3004 instituta
594 2936 776 3018 Imaginem
812 2958 876 3000 non
910 2934 953 2999 LI
991 2937 1047 3001 sed
1079 2935 1139 3000 XV
1176 2936 1277 3002 libros

135 3048 370 3131 Hieronymum
392 3045 508 3110 testari
532 3042 765 3128 cognoveritis,
789 3042 850 3106 hoc
872 3041 968 3106 facile
991 3042 1190 3128 intellegetis
1213 3044 1279 3108 tale

135 3176 203 3218 esse
222 3159 260 3218 ut
279 3157 312 3217 et
328 3152 450 3238 ingenii
463 3150 589 3215 utiliter
606 3148 773 3212 exercendi
792 3152 825 3213 et
839 3171 973 3214 caussae
993 3149 1096 3232 ipsius
1115 3150 1278 3215 fructuose

133 3257 364 3343 disceptandae
388 3260 626 3344 argumentum
639 3255 843 3339 aptissimum
867 3256 1037 3321 inventum
1061 3256 1150 3341 sit.*)

189 3421 346 3430 ...ι-..-

204 3508 230 3575 *)
246 3505 331 3577 [Vide
350 3522 422 3575 quae
440 3503 514 3558 infra
531 3521 558 3574 p.
571 3508 623 3557 525
643 3520 677 3557 ex
695 3501 858 3571 Chappuisii
876 3502 948 3557 libro
967 3504 1002 3557 de
1021 3504 1128 3558 duobus
1147 3503 1280 3559 Parisinis

132 3595 279 3651 codicibus
297 3591 415 3649 eundem
435 3592 595 3662 catalogum
616 3589 865 3659 Hieronymianum
885 3591 1079 3647 exhibentibus
1098 3592 1188 3646 relate
1207 3594 1278 3646 eunt.

133 3686 161 3741 C.
181 3683 242 3754 W‚]
