2888 5040
489 120 567 169 srva
592 122 839 169 nnunousuvu
865 121 967 169 urum.
1230 106 1298 167 Ι551

188 265 378 352 potissimum,
408 265 463 328 ubi
492 264 652 328 latissime
680 270 795 349 patens
825 265 904 329 artis
929 265 1018 330 notio
1047 267 1080 329 in
1109 265 1302 347 pressiorem

190 372 373 459 significatum
399 377 609 438 coarteretur.
650 371 763 462 ¹Itaque
793 395 865 436 cum
893 396 953 438 nos
981 373 1077 437 hodie
1102 373 1302 436 consueveri-

191 501 243 543 mus
260 479 440 562 bipertitam
465 479 657 544 divisionem
676 480 776 544 talem
803 480 949 562 probare,
973 484 1009 543 ut
1030 479 1134 542 altera
1153 479 1185 540 in
1209 480 1302 560 parte

130 642 134 651 .
191 586 280 649 litteris
300 586 490 670 consignata
517 585 639 670 ingenii
667 585 799 649 humani
829 590 1038 649 monumenta
1066 586 1175 648 omnia
1203 606 1300 667 pona-

192 713 256 774 mus,
277 693 349 756 artis
372 692 504 756 nomine
527 714 592 756 non
617 692 808 777 consignata
835 692 954 755 litteris
984 691 1236 775 complectamur
1264 713 1301 753 ex

192 800 260 878 purte
288 797 397 880 altera,
430 797 516 862 haud
548 798 659 881 paullo
693 798 822 861 diversa
853 799 906 861 via
934 801 1058 862 veteres
1092 798 1231 882 ingressi
1262 819 1301 861 cx

194 904 297 986 utroque
317 925 434 989 genere
458 905 650 988 quibusdam
675 904 843 968 elementis
867 904 977 967 ascitis
1002 904 1042 967 ad
1071 905 1171 967 vitam
1201 904 1300 987 inpri-

192 1008 235 1073 nis
258 1012 379 1076 utilibus
412 1013 545 1077 tertium
578 1033 680 1096 genus
713 1012 848 1075 mixtum
878 1013 1129 1091 constituerunt,
1161 1008 1299 1073 medium

191 1111 254 1177 inter
273 1116 321 1181 illa
343 1117 420 1202 duo,
444 1118 494 1181 cui
518 1117 664 1181 fecerunt
687 1113 1022 1201 ‘disciplinarum'
1046 1139 1172 1181 nomen.
1202 1115 1300 1200 idque

191 1237 267 1301 genus
287 1246 374 1288 omne
397 1246 468 1288 cum
493 1223 602 1288 dedita
631 1246 729 1307 opera
758 1223 889 1287 ‘novem
918 1225 1160 1308 disciplinarum
1189 1221 1300 1287 libris’

192 1321 242 1405 ipse
268 1327 361 1395 Varro
394 1336 581 1414 persecutus
615 1330 671 1412 sit,
709 1329 847 1393 huncine
881 1330 1004 1394 nullam
1038 1331 1105 1393 eius
1143 1330 1301 1394 rationem

191 1425 311 1501 babuisse
331 1438 365 1501 in
386 1437 432 1501 eis
456 1437 549 1501 libris
569 1436 743 1500 condendis
767 1437 964 1520 putabimus,
988 1460 1069 1521 quos
1088 1436 1150 1520 ipsi
1169 1435 1300 1520 ingenio

188 1533 300 1608 humano
332 1566 390 1628 per
428 1543 534 1626 capita
566 1542 757 1606 celebrando
795 1542 1012 1607 destinasset?
1049 1542 1239 1626 pracsrrtim
1273 1541 1300 1604 si

116 1726 119 1731 Ι
187 1635 342 1716 brevissimo
375 1649 533 1742 temporis
561 1649 667 1732 spatio
701 1648 872 1711 interiecto
892 1652 1056 1743 'utrosque
1084 1647 1185 1711 libros
1215 1669 1299 1710 com·

118 1790 121 1795 -
185 1755 312 1825 poneret?
346 1756 432 1820 Nam
455 1754 620 1839 Imagines
644 1754 773 1839 quidem
794 1754 921 1838 quando
942 1754 1170 1837 composuerit,
1193 1754 1299 1836 ipsum

184 1851 274 1921 ledam
296 1861 450 1926 habemus
474 1860 764 1944 locupletissimum
784 1860 869 1944 apud
890 1859 1030 1924 Gellium
1051 1859 1156 1942 capite
1176 1859 1299 1922 decimo

181 1957 299 2032 e¹l101no
314 1967 472 2032 Varronis
496 1965 575 2030 baec
595 1966 795 2031 afferentem:
820 1965 907 2029 ‘tum
931 1967 977 2030 ibi
1002 1966 1093 2030 addit
1115 1988 1149 2028 se
1173 1986 1298 2049 quoque

109 2124 113 2139 .
179 2056 227 2125 5³⁰1
242 2067 458 2139 duodecimam
478 2095 635 2137 annorum
655 2072 891 2136 hebdomadam
911 2073 1093 2157 ingressum
1113 2071 1212 2135 esse':
1236 2071 1297 2136 hoc
1311 2091 1372 2131 vm

109 2174 112 2231 Ῐ
178 2169 213 2228 lli
228 2173 307 2243 ultra
325 2202 444 2244 annum
465 2179 582 2243 aetatis
601 2179 772 2262 septimum
798 2183 830 2242 et
853 2179 1125 2263 septuagesimum
1151 2199 1298 2262 progres-

109 2290 112 2371 }
176 2289 241 2358 lum,
268 2287 318 2370 qui
344 2287 407 2350 fuit
433 2285 523 2350 urbis
552 2285 700 2349 conditae
730 2285 801 2349 715.
848 2282 896 2348 Dc
920 2285 1164 2366 disciplinarum
1190 2288 1297 2346 autem

109 2390 114 2461 :²
173 2370 249 2449 libri„
267 2394 480 2458 coniecturam
503 2393 536 2456 in
556 2413 595 2455 ea
613 2391 886 2455 commentatione
907 2391 1042 2454 fecimus
1062 2412 1157 2472 quam
1177 2389 1296 2454 abhinc

109 2480 113 2486 ¹
173 2501 258 2557 annos
276 2499 426 2564 tredecim
446 2497 485 2561 de
504 2497 572 2561 illis
593 2497 679 2561 foras
700 2496 859 2560 dedimus:
879 2497 935 2560 ubi
953 2519 984 2578 p.
995 2497 1036 2559 53
1054 2498 1167 2577 [supra
1180 2496 1295 2577 paco]

109 2588 111 2593 Ι
172 2606 199 2649 ⁰¹
215 2615 251 2662 00
273 2604 577 2690 argumentabamur
601 2603 684 2687 quod
705 2601 884 2667 Varronem
909 2602 1033 2666 Plinius
1056 2600 1096 2665 N.
1111 2601 1152 2666 H.
1177 2601 1295 2685 XXIX,

170 2692 200 2774 4>
230 2705 271 2772 65
303 2711 499 2795 prodidisset
541 2710 579 2773 de
617 2709 763 2792 aspidum
806 2711 871 2773 ictu
911 2709 1053 2772 sanando
1091 2709 1295 2791 praecepisse

170 2793 284 2882 ‘uram
305 2824 336 2882 et
359 2818 560 2901 octogesimo
579 2816 666 2880 ritae
686 2814 796 2880 anno’:
820 2816 882 2879 nisi
908 2815 992 2899 quod
1016 2837 1075 2897 pro
1100 2837 1137 2879 eo
1160 2836 1294 2878 numero

167 2923 243 2980 ”¹¹¹1ss
263 2921 452 2988 ‘LXXXIII'
476 2926 641 3005 receptum
665 2908 771 2985 estex
791 2922 923 3005 optimis
947 2922 1049 2986 libris.
1083 2920 1202 3009 Quodsi
1228 2921 1293 2984 tale

168 3027 355 3113 Praeceptum
383 3030 438 3093 vix
467 3030 544 3093 alibi
577 3029 640 3092 nisi
673 3029 705 3091 in
738 3029 823 3092 libro
858 3028 912 3111 qui
942 3027 995 3093 ‘de
1025 3026 1197 3091 medicina'
1230 3027 1294 3090 fuit

168 3115 319 3199 lmdidisse
343 3134 498 3200 creditur:
521 3157 597 3198 nam
622 3137 654 3197 et
677 3134 795 3198 satiras
821 3137 853 3197 et
876 3133 1093 3216 logistoricos‚
1116 3134 1154 3197 de
1178 3134 1293 3216 quibus

168 3214 252 3300 sicile
278 3242 438 3325 quispiam
467 3241 602 3326 cogitet,
635 3263 701 3304 non
729 3264 749 3302 a
777 3263 852 3304 senc
881 3241 935 3304 sed
969 3242 1010 3304 ab
1043 3241 1157 3304 iuvene
1190 3241 1294 3304 editos

109 3424 112 3445 ι
170 3340 310 3412 noVinius:
334 3370 534 3431 consequens
554 3351 658 3410 estut
681 3348 719 3411 dc
739 3347 920 3431 disciplinis
940 3347 1187 3411 commentarios
1208 3368 1292 3410 anno

109 3452 113 3487 ³'
171 3429 228 3510 ferg
244 3453 296 3518 721
317 3478 347 3519 u.
363 3478 389 3518 c.
408 3453 616 3538 pertexuerit‚
639 3453 701 3518 hoc
720 3459 769 3516 est
789 3454 1007 3537 quinquennio
1029 3457 1103 3535 post
1121 3452 1292 3535 Imagines.

173 3535 230 3619 Nisi
254 3562 322 3645 quis
351 3561 436 3626 forte
459 3561 548 3624 iutra
571 3559 632 3623 hoc
655 3561 761 3643 ipsum
787 3559 1040 3644 quinquennium
1065 3559 1193 3620 demum
1217 3557 1291 3620 sub-

172 3663 258 3731 latam
285 3667 522 3732 esseVarroni
550 3667 717 3731 notionem
745 3668 967 3750 rationemque
995 3686 1122 3729 omnem
1149 3662 1291 3746 discipli·

109 3800 111 3807 ·
172 3782 264 3837 nurum
287 3775 350 3839 sibi
374 3774 590 3858 persuadebit.

235 3879 301 3945 Nec
326 3902 402 3944 vero
431 3880 515 3943 ratio
542 3879 625 3942 latet
647 3901 716 3963 qua
745 3879 784 3942 ad
809 3877 1050 3961 septemplicem
1080 3877 1289 3959 partitionem

157 3987 355 4055 novenarium
383 3986 627 4066 disciplinarum
650 4006 819 4048 numerum
842 3983 948 4048 Varro
973 3988 1024 4047 sat
1048 3983 1215 4047 commode
1244 4005 1289 4045 rc-

151 4117 259 4168 uocare
292 4093 446 4177 potuerit.
489 4091 572 4168 Quid
606 4092 690 4155 enim
723 4090 921 4174 impediebat
954 4091 1125 4174 quominus
1160 4110 1290 4172 prorsus

141 4206 327 4288 exemptam
351 4222 368 4264 e
397 4198 576 4282 disciplinis
600 4197 651 4261 vel
680 4197 880 4261 dialecticam
905 4218 976 4260 cum
1004 4195 1215 4279 philosophia
1238 4195 1289 4260 vel
