2924 5046
474 347 552 395 srva
576 347 824 394 nannonanvu
848 347 950 392 mam.
1223 333 1289 397 535

147 491 204 554 tati
228 490 426 555 Bitschelius
455 512 556 574 quum
583 490 632 555 ita
660 489 789 554 demum
818 510 941 553 morem
970 511 1004 552 se
1028 494 1193 574 gesturum
1217 513 1289 556 esse

146 596 388 680 significaverit,
412 597 440 661 si
463 618 529 661 non
552 599 643 660 extra
662 596 764 660 libros
783 595 1042 679 coryphaeorum
1061 595 1191 660 illorum
1210 596 1289 661 ima-

144 703 236 786 gines
265 704 336 767 sine
364 703 461 768 dubio
489 703 649 767 litteraria
678 703 752 766 dote
777 703 953 767 instructae
977 706 1194 784 versarentur,
1222 704 1288 766 iam

144 809 239 873 nobis
263 832 335 874 eam
359 811 445 873 viam
468 811 626 894 reperisse
650 809 802 887 videmur,
827 809 860 873 in
883 809 1000 873 librum
1021 810 1162 891 primum
1182 809 1286 893 isago-

142 915 250 1000 gicum
273 916 314 981 iis
338 917 476 1000 receptis
487 914 528 1001 *).
574 915 625 980 Ab
654 916 828 980 eorundem
852 917 1013 980 sententia
1035 921 1145 979 tamen
1168 916 1215 979 ita
1239 939 1287 980 re·

142 1021 299 1106 cedimus,
332 1028 368 1087 ut
392 1023 570 1087 Homerum
599 1023 726 1108 quidem
755 1023 790 1086 in
818 1023 877 1087 illa
901 1022 1034 1088 cohorte
1057 1023 1156 1087 fuisse
1181 1021 1286 1088 Gellio

141 1133 225 1193 teste
250 1128 462 1212 affirmemus,
494 1150 596 1213 neque
624 1150 700 1192 vero
725 1128 904 1193 Hesiodum
932 1133 1029 1212 atque
1052 1127 1286 1212 Hippocratem

141 1235 366 1318 admittamus,
398 1259 496 1320 quum
529 1236 591 1300 duo
624 1235 765 1299 eiusdem
799 1236 926 1320 generis
957 1236 1080 1299 lumina
1111 1237 1284 1319 septenarii

141 1342 266 1406 numeri
290 1342 368 1407 fines
392 1343 560 1407 excludere
583 1343 765 1424 videantur,
793 1343 1008 1426 Hippocrates
1033 1364 1107 1406 vero
1131 1342 1165 1406 in
1189 1340 1285 1406 Grae-

141 1469 250 1512 corum
275 1449 473 1513 medicorum
496 1448 711 1531 hebdomade,
735 1472 832 1532 quam
856 1472 894 1514 ex
918 1448 1025 1513 Plinio
1049 1448 1088 1513 N.
1112 1449 1152 1513 H.
1176 1448 1284 1512 XXVI

140 1557 159 1633 ἓ
179 1555 218 1617 10
228 1576 275 1637 sq.
296 1555 381 1618 eruit
399 1553 608 1639 Ritschelius,
631 1556 738 1620 locum
762 1579 854 1620 suum
877 1556 1006 1639 habeat,
1030 1560 1126 1640 atque
1150 1556 1284 1620 eandem

140 1659 314 1744 imaginem
344 1660 396 1724 bis
426 1661 628 1744 propositam
657 1663 758 1726 fuisse
787 1663 827 1728 ab
853 1663 941 1727 omni
966 1663 1205 1746 aequabilitatis
1229 1686 1283 1728 no-

140 1767 225 1831 tione
253 1789 386 1850 prorsus
415 1766 598 1831 abhorreat.
656 1767 777 1843 Quodsi
805 1774 933 1852 praeter
961 1768 1138 1834 Homerum
1167 1792 1284 1833 nomen

139 1873 271 1958 aliquod
305 1896 321 1936 e
352 1872 574 1938 Romanorum
607 1895 706 1958 grege
739 1875 893 1939 selectum
926 1874 1000 1938 huic
1033 1874 1104 1938 loco
1138 1875 1284 1959 requiris,

139 1985 267 2064 praesto
301 1985 351 2043 est
384 1981 524 2064 Aeneas,
555 2002 650 2064 quem
684 2003 703 2044 a
736 1980 867 2045 Graecis
903 1979 1056 2045 heroibus
1094 2002 1282 2065 segregasse

139 2085 319 2151 Varronem
352 2085 516 2169 probabili
548 2090 741 2170 argumento
774 2085 972 2150 Ritschelius
1005 2086 1131 2150 censuit
1164 2110 1194 2171 p.
1218 2087 1283 2151 XII

139 2197 246 2257 annot.
283 2191 373 2256 Duas
397 2195 505 2255 autem
529 2191 589 2255 has
614 2190 843 2272 hebdomadas,
867 2190 1063 2256 Graecorum
1088 2215 1195 2275 unam,
1218 2193 1309 2258 lto-a

138 2320 306 2363 manorum
331 2299 467 2362 alteram
491 2320 528 2362 eo
552 2297 687 2362 consilio
708 2296 811 2362 Varro
835 2299 867 2361 in
892 2298 1032 2381 primum
1054 2299 1175 2364 librum
1198 2323 1312 2372 rece.

138 2407 222 2490 pisse
246 2412 280 2471 et
309 2428 380 2471 cum
410 2405 629 2488 disputatione
657 2404 825 2488 isagogiea
848 2405 1052 2469 coniunxisse
1076 2406 1215 2489 videtur,
1245 2412 1282 2469 ut

137 2513 312 2597 septenarii
335 2512 461 2576 numeri
479 2512 599 2576 virtute
622 2515 773 2575 enarrata
795 2515 961 2594 tamquam
984 2513 1018 2575 in
1041 2512 1148 2576 fronte
1173 2512 1280 2594 operis

136 2621 244 2704 ipsum
268 2619 424 2683 librorum
449 2624 656 2702 conspectum
679 2622 888 2701 proponeret,
919 2618 1175 2701 quattuordecim
1200 2619 1279 2681 ima-

136 2727 266 2811 ginibus
290 2726 344 2809 qui
364 2726 501 2810 singulis
521 2725 613 2788 libris
632 2724 865 2806 responderent
884 2723 923 2786 ad
942 2724 974 2787 id
993 2724 1136 2788 delectis.
1167 2723 1279 2808 Neque

136 2834 168 2896 in
192 2831 255 2896 hac
278 2853 311 2895 re
335 2853 457 2896 morem
481 2830 614 2895 solitum
638 2829 694 2893 ille
717 2829 857 2893 violasse
881 2829 1064 2911 credendus
1088 2831 1114 2893 si
1139 2831 1278 2914 antiqui-

135 2939 251 3003 tatium
280 2960 386 3001 rerum
410 2938 623 3001 humanarum
648 2941 681 3000 et
704 2936 884 3000 divinarum
909 2937 1081 2999 secundum
1106 2937 1207 3001 libros
1231 2961 1278 3002 re·

135 3067 279 3127 censum,
312 3066 405 3128 quem
439 3044 616 3128 Augustini
649 3043 804 3107 beneficio
837 3043 1003 3123 debemus,
1036 3042 1070 3105 in
1102 3044 1278 3127 isagogicis
1304 3049 1306 3054 '

134 3151 222 3215 illius
247 3150 353 3233 operis
377 3150 468 3214 libris
492 3150 617 3214 duobus
641 3150 844 3232 propositum
868 3149 966 3213 fuisse
991 3151 1158 3232 concedes,
1181 3154 1277 3232 atque

133 3259 180 3322 ita
207 3258 338 3322 demum
366 3258 404 3321 de
432 3259 610 3342 imaginum
641 3257 725 3321 libro
752 3259 795 3321 in·
814 3258 919 3340 capite
948 3259 1055 3340 posito
1084 3258 1168 3322 idem
1193 3256 1277 3341 quod

133 3365 171 3429 de
199 3365 444 3449 antiquitatium
472 3364 613 3428 exordiis
641 3364 777 3446 valebit,
809 3368 845 3427 ut
868 3362 1097 3429 <communiter
1125 3363 1214 3445 prius
1238 3364 1276 3427 de

133 3471 284 3536 omnibus
308 3469 513 3554 loqueretur?

221 3575 469 3642 Hebdomadum
500 3597 558 3658 per
590 3576 691 3640 libros
725 3576 979 3660 quattuordecim
1013 3577 1276 3640 distributionem

133 3683 329 3748 Ritsehelius
358 3683 543 3748 coniectura
566 3705 721 3767 perquam
746 3684 909 3767 probabili
933 3686 1097 3745 assecutus
1122 3687 1172 3746 est
1194 3704 1275 3767 eam,

131 3796 167 3854 ut
193 3790 284 3874 paris
313 3791 438 3854 numeri
464 3790 541 3854 libri
566 3789 712 3873 Graecis,
741 3791 875 3874 imparis
903 3789 1059 3852 Romanis
1088 3789 1274 3853 hominibus

132 3896 228 3961 dicati
251 3896 374 3961 fuerint
397 3897 473 3980 toti,
501 3897 535 3962 in
558 3920 621 3981 qua
643 3898 739 3961 nobis
764 3920 889 3982 quoque
913 3894 1179 3979 acquiescendum
1203 3895 1274 3979 erit,

132 4004 207 4067 licet
233 4002 304 4085 ipsa
332 4000 396 4066 res'
414 4004 518 4086 magis
545 4007 662 4067 natura
690 4002 931 4067 commendetur
954 4024 1051 4086 quam
1075 4002 1273 4085 argumentis

132 4107 476 4199 demonstraripossit.
511 4109 599 4175 Nam
619 4109 772 4192 omnium,
796 4130 877 4194 quae
897 4130 935 4172 ex
955 4108 1006 4171 his
1029 4107 1121 4171 libris
1146 4109 1274 4170 servata

219 4353 244 4421 *t
264 4352 316 4408 Cui
334 4354 435 4408 rationi
454 4372 526 4423 quae
545 4372 578 4410 ex
596 4358 690 4410 mente
704 4353 851 4409 Ritschelii
870 4357 1016 4424 praeterea
1029 4353 1140 4407 obstare
1159 4350 1272 4406 videan-

129 4444 181 4511 tur,
199 4442 274 4498 infra
291 4442 479 4499 discutiemus.
