2924 5046
436 360 509 407 nnn
532 361 690 408 nronrnn
713 360 857 410 nnonrs.
1153 340 1216 408 733

164 504 362 571 offenderim.
407 503 442 568 in
469 504 574 569 reditu
598 509 648 569 est
670 505 750 569 mihi
774 505 936 588 possessio
959 503 1151 568 litterarum.
1175 539 1217 549 —

161 611 280 676 Orem
302 610 576 695 indignissimam!
605 616 638 675 et
660 634 759 696 quam
782 633 885 696 aequo
907 611 972 675 fers
996 608 1076 674 illud
1100 610 1219 692 anima,

154 700 274 782 ‘sedere
306 717 340 781 in
374 716 493 782 scholis
526 721 559 780 et
590 718 698 800 pueris
730 718 938 801 praecipere?
969 754 1006 762 -
1037 715 1088 780 Ad
1121 738 1218 800 quam

159 824 248 888 illius
280 823 569 907 interrogationem
601 824 635 887 in
667 823 753 888 hunc
786 823 917 887 modum
949 823 1108 907 respondi.
1152 844 1218 886 non

159 931 260 995 miror
299 931 357 1010 [te]
396 928 464 992 eius
500 950 586 993 nunc
618 951 687 993 esse
718 929 953 1013 persuasionis,
989 951 1052 1014 que
1084 932 1118 993 et
1148 930 1218 1013 ipse

161 1059 290 1123 quoque
314 1036 489 1120 aliquando
513 1036 567 1100 diu
590 1036 746 1101 laboravi.
783 1040 888 1101 totum
912 1038 1008 1119 enim,
1030 1035 1114 1120 quod
1138 1035 1216 1116 [hic]

160 1146 299 1230 egimus,
337 1144 592 1227 quinquennium
621 1145 669 1208 ita
698 1144 778 1207 mihi
807 1148 993 1227 pertaesum
1023 1145 1093 1206 erat
1122 1140 1217 1205 huius

160 1251 381 1336 professionis,
404 1254 441 1314 ut
464 1272 621 1334 nusquam
645 1252 752 1314 vivere
775 1254 924 1334 putarem
941 1249 1106 1316 hominem
1126 1248 1219 1312 mise

159 1358 288 1422 riorem.
335 1357 390 1420 sed
419 1356 554 1420 subinde
582 1356 774 1421 retractanti
801 1361 984 1441 sortemque
1012 1378 1118 1420 meam
1146 1376 1218 1419 cum

161 1464 302 1529 fortunis
340 1466 373 1527 et
409 1463 525 1526 ceteris
563 1463 650 1527 vitae
682 1463 847 1528 laboribus
880 1463 1058 1528 conferenti
1088 1461 1219 1526 tandem

163 1569 339 1654 aliquando
367 1569 550 1652 pulcritudo
580 1570 722 1653 suscepti
746 1569 853 1653 operis
877 1570 1035 1653 apparuit.
1082 1570 1163 1634 seire
1187 1571 1219 1632 te

114 1680 137 1743 0
162 1696 240 1762 ergo
263 1697 348 1739 nunc
372 1679 509 1759 oportet,
531 1677 658 1741 nullum
677 1678 781 1740 maius
803 1676 980 1760 praedium,
1004 1677 1128 1741 nullam
1147 1698 1219 1759 pro·

161 1783 375 1866 curationem,
407 1784 531 1846 nullum
563 1782 721 1847 honorem
752 1783 894 1861 decerni,
927 1787 1066 1868 quantus
1096 1782 1149 1846 hio
1177 1782 1220 1846 sit

161 1894 293 1955 nostrae
317 1889 537 1972 professionis.
569 1910 686 1972 nempe
711 1890 738 1952 si
763 1889 844 1953 mihi
863 1889 1023 1953 maximus
1042 1889 1220 1971 imperator

160 1997 252 2061 mille
290 1995 337 2058 vel
376 1998 503 2059 centum
540 1995 685 2058 homines
722 1995 882 2080 regendos
915 1995 1117 2077 tradidisset,
1153 2016 1219 2059 non

161 2101 332 2167 mediocris
364 2100 468 2165 honos
496 2101 627 2165 habitus
656 2101 736 2165 mihi
763 2100 938 2186 videretur3
972 2101 1049 2167 cedo
1079 2102 1107 2166 si
1129 2123 1220 2185 prae-

114 2210 136 2275 5
161 2209 336 2288 fecturam,
364 2206 392 2269 si
415 2206 632 2271 tribunatum:
660 2229 777 2290 nempe
800 2207 885 2271 idem
907 2207 1025 2292 honos,
1048 2209 1111 2272 nisi
1135 2209 1220 2292 quod

163 2336 286 2378 merces
316 2314 461 2398 amplior.
508 2314 536 2376 si
564 2333 642 2398 ergo
670 2335 736 2377 non
760 2311 892 2397 Caesar,
921 2314 976 2378 sed
1005 2315 1136 2380 fortuna
1158 2315 1220 2379 hoc

162 2442 265 2507 genus
289 2420 439 2484 stationis
463 2420 612 2503 iniunxit,
635 2421 682 2485 uti
706 2421 814 2504 pueris
837 2421 988 2505 ingenuis
1008 2424 1104 2505 atque
1123 2420 1221 2484 hone·

163 2528 224 2592 stis
260 2526 491 2610 praesiderem:
528 2549 633 2592 nonne
671 2528 733 2591 tibi
772 2528 910 2608 [videor]
944 2529 1090 2611 pulcrum
1123 2531 1221 2612 atque

167 2634 375 2718 magnifieum
407 2637 598 2697 consecutus
623 2633 788 2698 officium?
833 2657 953 2719 quaeso
978 2635 1063 2700 enim
1087 2634 1220 2718 propius

114 2744 139 2807 0
164 2742 303 2822 intuere,
332 2744 440 2803 utrum
469 2741 665 2823 praeclarius
695 2740 738 2804 sit
761 2742 919 2825 sagulatis
944 2764 985 2806 an
1008 2741 1220 2825 praetextatis

165 2846 348 2930 imperare?
373 2847 521 2911 barbaris
545 2848 749 2931 efferatisque
768 2849 953 2931 pectoribus
973 2870 1015 2912 an
1033 2847 1167 2911 mitibus
1187 2853 1220 2912 et

164 2953 327 3020 innoxiis?
352 2953 436 3016 bone
450 2953 582 3038 Iupiter,
602 2976 699 3038 quam
714 2955 966 3038 imperatorium,
985 2976 1082 3037 quam
1096 2955 1221 3037 regium

165 3065 216 3125 est
248 3061 357 3125 sedere
390 3084 409 3125 a
442 3066 598 3146 suggestu
631 3062 883 3145 praecipientem
916 3061 1020 3125 bonos
1052 3083 1160 3125 mores
1190 3067 1223 3125 et

166 3188 330 3231 sacrarum
360 3167 468 3231 studia
491 3167 688 3250 litterarum,
716 3168 782 3231 iam
805 3169 950 3232 carmina
971 3168 1222 3253 praelegentem,

114 3275 139 3340 5
165 3273 281 3358 quibus
310 3294 367 3336 ora
394 3277 582 3357 mentesque
608 3274 803 3356 formantur,
836 3274 901 3338 iam
932 3274 1100 3339 sententiis
1124 3275 1223 3339 variis

165 3401 279 3444 sensus
303 3379 505 3459 excitantem,
528 3381 593 3444 iam
617 3381 772 3466 exemplis
797 3404 832 3445 ro
848 3431 969 3447 ......

164 3485 228 3551 Die
257 3485 521 3570 geringfiigigern
545 3486 809 3572 Abweichungen
834 3486 890 3551 der
912 3487 1126 3551 Hondsohrift
1149 3487 1221 3551 sind

129 3595 154 3658 2
178 3593 279 3673 capud
300 3592 364 3655 und
388 3593 560 3675 1116111116,
584 3594 605 3658 5
627 3593 743 3673 affrice,
768 3595 787 3657 6
808 3593 911 3673 literis,
935 3593 1021 3657 8-9
1040 3599 1223 3674 onemouent,

148 3701 333 3781 donziciauo,
367 3699 406 3761 13
435 3699 557 3778 affrico,
595 3701 635 3763 14
658 3700 768 3780 celare,
803 3700 844 3762 15
867 3699 987 3778 affrice,
1017 3699 1060 3763 46
1083 3699 1223 3781 melodos,
1237 3719 1276 3759 sor

143 3807 306 3888 spiratiam,
337 3807 380 3868 55
400 3807 554 3888 pirensis,
578 3808 618 3872 81
645 3809 768 3889 tirium,
792 3806 833 3870 83
858 3804 941 3887 litos,
965 3805 1005 3869 87
1030 3804 1157 3889 affrico,
1180 3805 1221 3869 91

114 3912 171 3994 dil,
199 3913 256 3975 111
284 3913 434 3992 inperare,
462 3912 523 3975 112
546 3913 778 3993 iupcrutorionl.
814 3910 889 3975 Von
913 3910 1061 3974 stiirkern
1085 3909 1224 3976 Fehlern

114 4066 116 4070 ‡
137 4016 198 4081 der
212 4018 341 4083 Ausfall
362 4018 521 4082 einzelnen
536 4018 668 4082 Wbrter
687 4018 744 4082 das
760 4017 940 4102 Hliufigste,
959 4015 1019 4079 wie
1039 4016 1123 4080 denn
1142 4018 1222 4082 alles

114 4124 379 4209 ngeklammerte
403 4125 495 4188 nicht
517 4125 551 4189 in
570 4125 626 4187 der
643 4109 858 4188 Handschrift
877 4122 974 4202 steht,
997 4122 1135 4186 sondern
1153 4146 1223 4188 ver·

114 4231 193 4297 chte
216 4230 416 4313 Ansfiillung
438 4229 722 4293 muthmasslieher
744 4229 874 4293 Litolren
898 4229 954 4292 ist:
983 4227 1083 4291 daher
1106 4231 1223 4313 gerade

145 4336 251 4401 dieser
277 4336 465 4420 Beziehung
496 4337 552 4399 der
574 4335 738 4400 Verdacht
770 4333 857 4399 wohl
889 4335 972 4400 such
999 4334 1085 4399 noch
1112 4337 1224 4402 weiter

114 4444 187 4509 rhen
210 4442 289 4506 darf.
313 4479 348 4488 —
371 4441 405 4505 P.
429 4441 571 4523 ANNll]
596 4441 752 4507 PANNlI
775 4443 827 4507 die
849 4439 1071 4508 Handschrift.
1091 4479 1132 4490 -
1151 4443 1184 4511 Z.
1204 4448 1220 4511 l
