2924 5046
666 1122 758 1206 VII.

210 1278 514 1384 ueporuiurun
542 1277 675 1362 Plauti
702 1276 931 1360 fabularum
959 1277 1193 1380 fragmenta.

665 1462 744 1470 .—

513 1565 538 1631 1.
583 1564 899 1632 ACHARISTIO.

696 1742 718 1798 I.

221 1868 346 1935 Nonius
369 1893 398 1954 p.
424 1870 498 1954 157,
521 1871 556 1934 6:
581 1869 848 1954 ‘pauperauit,
871 1869 903 1933 id
927 1871 978 1932 est
1000 1889 1175 1951 pauperem
1199 1867 1279 1931 facit

129 1975 216 2058 (sic).
262 1977 394 2038 Plautus
419 2022 427 2037 .
450 2024 457 2038 .
482 2022 490 2037 .
513 2023 520 2037 .
543 1971 634 2039 Idem
658 1972 752 2060 (item
775 1972 873 2060 codd.)
898 1973 1140 2038 Acharistione:

176 2115 294 2191 Quam
317 2136 387 2201 ego
412 2119 525 2180 tanta
546 2117 760 2201 pauperaui
782 2118 850 2201 per
873 2116 1001 2182 dolum
1025 2115 1210 2201 pecdnia'
1298 2141 1311 2188 1
1334 2091 1340 2095 .

129 2256 449 2343 ‘Acharistione',
481 2281 499 2323 e
527 2259 672 2324 codicum
700 2259 860 2343 scriptura
887 2262 1072 2326 aeurista'oue
1105 2258 1146 2323 ab
1179 2257 1279 2324 Hadr.

131 2363 227 2429 Iunio
259 2366 458 2450 restitutum,
490 2369 576 2430 recte
607 2370 705 2451 atque
734 2367 845 2433 ordine
875 2367 917 2432 ab
948 2366 1116 2446 ἀχάριετο(
1147 2366 1279 2429 ductum

130 2469 218 2533 servi
240 2491 359 2535 nomen
382 2493 466 2555 esse,
498 2475 535 2537 ut
558 2471 719 2552 Ἀριετίων
744 2472 937 2537 Καλλιετίων
965 2476 998 2536 et
1024 2472 1164 2538 fortasse
1189 2474 1279 2536 Κακι-

130 2576 227 2640 (τίων
250 2577 291 2641 ab
315 2576 439 2657 ἄριετο(
463 2577 627 2643 κάλλιετο(
649 2578 801 2655 κάκιετοε,
825 2580 994 2643 monebam
1011 2578 1141 2663 Parcrg.
1155 2601 1186 2661 p.
1199 2578 1279 2641 105:
1401 2606 1403 2611 2

130 2703 197 2764 quo
221 2681 302 2746 adde
325 2705 354 2766 p.
367 2684 430 2747 143
454 2684 549 2747 dicta.
577 2683 616 2747 In
639 2706 704 2749 uno
728 2684 879 2748 Leidensi
901 2685 1065 2768 proditum
1088 2685 1279 2751 aearistuuio

131 2812 248 2853 ansam
284 2789 373 2853 dedit
408 2789 504 2875 longe
541 2791 746 2875 ineptissimo
788 2791 918 2855 fabulae
960 2791 1083 2855 nomini
1126 2790 1278 2874 fingendo

130 2895 264 2974 ‘’Axupr
288 2894 456 2978 studium',
479 2896 566 2981 quod
588 2897 741 2961 nimirum
764 2897 887 2981 placuit
910 2896 1039 2962 Bothio

708 3109 729 3164 L

220 3233 346 3299 Plinius
368 3234 445 3300 Nat.
468 3233 544 3300 hist.
567 3234 645 3300 XIV
678 3235 778 3315 §922
812 3234 1012 3301 ‘lautissima
1042 3235 1128 3319 apud
1155 3234 1279 3318 priscos

129 3342 210 3405 uina
247 3346 342 3406 erant
373 3340 526 3425 myrrhae
559 3341 656 3407 odore
689 3341 831 3424 condita,
868 3347 905 3406 ut
937 3346 1073 3426 apparet
1104 3342 1139 3407 in
1170 3341 1279 3405 Plauti

129 3446 246 3512 fabula
269 3470 350 3532 quae
373 3448 474 3512 Persa
496 3449 697 3532 inscribitur,
725 3470 919 3534 quamquam
943 3449 976 3513 in
1000 3470 1038 3512 ea
1062 3452 1095 3512 et
1117 3446 1279 3512 calamum

128 3554 206 3617 addi
226 3554 326 3619 iubet.
358 3554 430 3619 idco
450 3554 582 3638 quidam
595 3534 775 3619 'aromatite
790 3555 967 3620 delectatos
981 3556 1121 3620 maxime
1138 3553 1280 3617 credunt.

128 3660 187 3724 sed
203 3659 324 3725 Fabius
338 3659 526 3725 Dossennus
544 3660 597 3724 his
616 3661 764 3725 uersibus
784 3660 939 3725 decernit:
958 3661 1148 3724 «mittebam
1168 3658 1278 3721 uinum

128 3765 318 3850 pulchrum,
341 3767 550 3851 murrinam»,
573 3769 606 3830 et
628 3767 662 3829 in
685 3766 929 3832 Acharistione:

172 3925 225 3956 ⁰1
249 3929 385 3991 panem
409 3912 446 3972 et
468 3908 683 3993 polentam,
706 3909 849 3993 uinum,
872 3909 1092 3973 murrinam.
1299 3929 1314 3975 2

126 4048 324 4115 Scaeuolam
354 4072 479 4135 quoque
510 4055 543 4116 et
573 4050 608 4115 L.
636 4051 766 4115 Aelium
796 4056 829 4116 et
858 4053 989 4117 Ateium
1021 4049 1214 4133 Capitonem
1245 4050 1279 4112 in

126 4156 246 4221 eadem
266 4157 427 4221 sententia
445 4158 545 4222 fuisse
565 4157 671 4241 uideo,
694 4158 846 4242 quoniam
867 4159 899 4222 in
917 4158 1078 4223 Pseudulo
1098 4154 1138 4241 (e.
1150 4153 1279 4239 mosa)

127 4265 188 4326 sit:
220 4263 379 4345 «quodsi
403 4285 483 4347 opus
507 4267 616 4327 estut
639 4262 730 4326 dulce
755 4267 884 4346 promat
907 4262 1062 4343 indidem,
1087 4261 1198 4344 ecquid
1223 4261 1280 4324 ha·

125 4367 210 4433 bet?
227 4390 236 4430 ε
252 4391 260 4430 :
276 4368 393 4452 rogas?
416 4369 602 4454 murrinam,
625 4391 767 4452 passum,
792 4367 964 4451 defrutum,
989 4367 1115 4431 nuella».
1162 4367 1279 4450 quibus

184 4490 230 4524 rr.
247 4489 396 4524 nrrscnecu
409 4491 540 4526 orcscvns
554 4493 595 4529 111.
1033 4478 1064 4524 12
