2924 5046
177 325 242 389 206
526 346 554 393 c.
578 347 729 395 svarom
752 347 971 407 ranuovmm

220 482 307 547 Dum
330 484 476 549 Africani
501 509 612 553 uocem
636 490 779 555 diuinam
803 491 909 555 inhiat
932 489 1038 554 auidis
1062 491 1205 573 auribus,

219 589 305 654 Dum
329 591 370 655 ad
393 590 523 657 Philum
547 616 581 658 se
605 596 745 660 cenitare
769 600 802 660 et
824 595 970 660 Laelium
994 595 1167 680 pulchrum
1190 599 1307 680 putat:

220 698 305 763 Dum
329 700 362 764 in
386 696 549 766 Albanum
574 702 686 767 crebro
711 703 836 786 rapitur
858 703 899 768 ob
923 703 1036 767 florem
1060 704 1179 768 aetatis
1202 724 1279 767 suae

134 820 161 859 ²8
220 804 294 870 Suis
317 807 469 891 postlatis
493 805 589 873 rebus
613 810 653 874 ad
677 832 836 874 summam
860 810 1004 893 inopiam
1028 809 1177 875 redactus
1200 815 1260 875 est

220 910 334 996 Itaque
371 935 409 978 ex
448 919 622 999 conspectu
655 917 799 981 omnium
830 918 900 983 abit
931 918 964 980 iu
998 916 1169 982 Graeciam
1200 921 1307 982 terra:

1027 1024 1198 1088 ultumam.

222 1126 367 1192 Mortuos
392 1127 610 1211 Stymphalist
634 1129 792 1195 Arcadiae
816 1131 944 1216 oppido.
990 1130 1036 1193 nil
1061 1130 1181 1195 Puhlio

146 1308 152 1316 ,
223 1232 332 1317 Scipio
356 1233 489 1318 profuit,
512 1235 559 1299 nil
584 1236 631 1299 illi
655 1236 792 1320 Laelius,
815 1237 862 1300 nil
885 1237 1013 1316 Farina,

175 1420 315 1460 romnus:
336 1408 493 1478 Scipionem
512 1409 675 1464 Africanum
694 1410 832 1479 siguificat
851 1413 879 1465 et
898 1411 1024 1466 Laelium
1045 1411 1207 1480 Sapientem
1226 1413 1256 1465 et
1268 1410 1307 1465 i·

176 1495 246 1548 rium
266 1494 398 1550 Philum)
436 1499 507 1552 Item
530 1499 560 1552 iu
583 1518 607 1554 v.
635 1505 681 1553 17:
707 1499 756 1552 ‘IN
775 1514 885 1553 arrico:
912 1499 1059 1568 Scipionis.
1087 1514 1120 1552 m
1138 1513 1222 1554 orio:
1247 1499 1307 1552 ru-

176 1584 258 1638 Phili.
285 1598 319 1637 m
337 1599 480 1640 uuoorro:
501 1586 591 1641 Laelii
609 1586 771 1656 Sapientis?

249 1779 408 1833 laffricam
428 1780 480 1834 01)
551 1798 649 1837 uocem
675 1781 800 1836 diuinam
826 1783 918 1837 inhiat
942 1784 1079 1837 Muretus.
1109 1783 1180 1838 uoce
1203 1781 1270 1836 dum

176 1868 289 1924 inhuius
309 1872 338 1924 et
356 1870 391 1923 A.
410 1887 478 1925 uoce
497 1871 595 1925 diuina
612 1870 704 1925 inhiat
722 1872 814 1939 ceteri,
838 1872 894 1925 nati
911 1873 986 1941 qaod
1004 1870 1076 1926 iniat
1094 1872 1135 1939 Β,
1154 1870 1249 1925 inibat
1266 1867 1307 1924 0·

248 1958 360 2012 auribus
380 1958 471 2013 auidis
490 1960 521 2012 F
590 1966 606 2013 2
625 1960 737 2014 Philum
756 1961 881 2016 Rcttine.
902 1960 986 2013 fixum
1006 1960 1164 2014 ararium
1183 1961 1264 2014 ceteri

176 2063 205 2100 se
228 2063 279 2100 om.
298 2046 330 2099 F
399 2047 540 2102 coenitare
559 2047 625 2116 EF,
655 2048 711 2101 Vet.
736 2047 886 2102 coemitare
907 2049 938 2102 Z.
963 2048 1075 2101 cantare
1095 2046 1130 2101 A.
1155 2050 1291 2102 cantare

177 2137 336 2204 cocmptare
355 2135 442 2189 1301).
464 2152 580 2190 coenare
605 2135 720 2202 Woifias
739 2153 767 2189 sc
786 2136 823 2189 ad
840 2134 953 2189 Furium
973 2140 1154 2204 transponens
1226 2135 1307 2189 leiim

177 2223 314 2276 ABGDZ
383 2224 529 2293 pulchrum
550 2225 634 2292 putat
652 2225 692 2291 A,
711 2225 776 2277 Am.
796 2224 879 2292 putat
896 2222 1044 2291 pulchrum
1063 2224 1143 2276 cetcn‘
1215 2231 1232 2277 3
1251 2224 1307 2278 ou

178 2309 207 2364 in
220 2310 361 2364 Albanum
381 2312 476 2366 crebro
495 2311 605 2381 rapitur
618 2313 731 2378 expulso
744 2312 900 2380 plossemote
914 2311 1088 2366 Ritsciaecliaa.
1108 2313 1175 2367 dum
1190 2329 1220 2366 se
1234 2326 1307 2367 amu

177 2400 213 2454 ab
233 2399 277 2454 his
295 2401 393 2455 erodat
410 2401 507 2455 crebro
526 2400 555 2453 in
574 2401 707 2455 albanum
726 2384 802 2469 rapit
822 2402 857 2468 (h.
877 2417 897 2455 e.
916 2400 1085 2470 rapitur)11.
1105 2400 1173 2454 dum
1191 2418 1221 2456 se
1235 2394 1307 2454 amri

177 2490 213 2544 ab
237 2489 279 2543 his
302 2490 392 2544 crodit
409 2490 506 2543 crebro
525 2489 650 2556 (craebro
670 2490 710 2558 1⁴7
728 2489 757 2543 in
775 2489 908 2542 albanum
927 2489 987 2558 rapi
1007 2491 1086 2544 ceten'
1105 2489 1173 2559 (misi
1190 2490 1265 2558 qaod
1281 2504 1307 2542 r·

177 2577 243 2647 pido
263 2595 317 2647 pro
340 2579 401 2648 rapi
425 2579 461 2634 ob
480 2579 529 2647 G):
559 2580 608 2632 ahi
627 2578 704 2632 hisce
723 2579 787 2632 Ala.
808 2578 876 2632 Alia
899 2579 962 2632 olim
984 2579 1031 2632 aaa
1054 2580 1126 2632 inita
1149 2583 1189 2632 est
1208 2578 1307 2632 Pares·

179 2666 276 2721 Pleas.
297 2669 318 2720 Ι
339 2686 369 2737 p.
396 2672 502 2737 637eq.
528 2669 615 2734 (Mac.
640 2666 727 2720 Rhea.
750 2685 777 2721 n.
799 2668 820 2719 1
836 2684 867 2734 p.
888 2669 1005 2736 148sq.)
1102 2667 1140 2721 ob
1157 2667 1200 2733 A,
1223 2665 1266 2721 St.
1289 2681 1307 2720 ε

178 2758 258 2810 ceteri
274 2762 383 2825 praeter
402 2756 428 2809 G
517 2756 602 2811 etatis
620 2755 677 2808 ΒΖ
753 2756 812 2809 'sue
831 2755 917 2808 ΒΕΖ
995 2754 1094 2809 4Suis
1113 2755 1246 2825 postlatis
1264 2754 1307 2809 12·

177 2845 298 2900 schelius.
323 2846 388 2915 post
410 2845 528 2900 sublatis
547 2847 583 2899 A.
610 2845 688 2914 ipsus
707 2843 825 2898 sublatis
844 2843 931 2910 Fac,
955 2844 995 2898 St.
1014 2843 1082 2913 ipsis
1100 2843 1219 2898 sublatis
1238 2849 1307 2898 cde!

179 2932 241 2986 Suis
261 2934 397 3002 spoliatus
415 2935 646 3004 Bezzenberpnas
665 2938 727 2986 teste
746 2932 927 2987 Fleckeisenw.
951 2932 1028 3001 ipsus
1048 2974 1054 2986 .
1075 2973 1081 2985 .
1102 2975 1107 2985 .
1138 2931 1202 2986 Suis
1221 2932 1307 2987 ablat:

179 3024 250 3089 (cum
273 3024 385 3091 lacerto)
410 3023 526 3090 Wolfinc
557 3082 561 3086 ⁴
603 3030 671 3076 hex
690 3022 725 3074 A.
746 3038 761 3074 e
780 3024 860 3076 ceteri
937 3014 993 3077 omi
1013 3021 1041 3074 B
1112 3020 1175 3076 abit
1191 3021 1222 3074 in
1241 3021 1307 3076 Gra·

178 3110 251 3163 ciam
278 3113 383 3166 terram
406 3111 536 3181 Sccliper.
569 3111 630 3166 abit
652 3110 775 3180 greciam
798 3109 827 3162 in
851 3111 953 3164 terram
976 3111 1016 3163 A:
1045 3109 1128 3178 (unde
1149 3111 1234 3176 [acute
1257 3107 1307 3164 abi

180 3197 325 3252 Graeciam
349 3198 376 3252 in
400 3201 504 3254 terram
523 3201 646 3268 efficias).
676 3198 748 3253 abiit
766 3198 795 3251 in
813 3196 936 3267 greciam
955 3197 984 3250 in
1003 3199 1107 3252 terram
1126 3196 1211 3251 ΕΘΖ
1227 3202 1254 3252 ct
1271 3196 1307 3251 ni

180 3287 254 3354 quod
277 3287 418 3357 graeciam
437 3288 472 3343 F.
500 3287 561 3341 abit
585 3289 653 3355 (ead.
672 3304 745 3341 man.
765 3303 833 3340 corr.
853 3287 886 3339 in
903 3283 985 3354 abijt)
1004 3284 1033 3338 in
1051 3285 1175 3354 greciam
1199 3285 1236 3341 B.
1257 3284 1307 3341 abi

178 3375 207 3428 iu
226 3374 349 3444 greciam
369 3376 426 3431 OD.
465 3375 537 3431 abiit
560 3375 694 3431 Graeciae
712 3375 741 3428 in
764 3376 867 3428 terram
891 3373 1025 3427 Bottiae:
1048 3389 1103 3442 pro
1125 3390 1179 3443 qao
1195 3379 1307 3442 potam

179 3465 261 3517 aiam
286 3463 393 3518 abitio
416 3463 549 3519 Graeciae
568 3468 672 3520 terram
760 3462 924 3516 hultimam
944 3462 1016 3516 libri.
1053 3461 1170 3528 fortasse
1188 3462 1307 3517 intuma:

178 3552 234 3619 fuit
311 3558 326 3606 7
350 3553 475 3606 Mortuos
500 3551 688 3620 Stymphalist
710 3552 889 3606 Riteciwlias:
916 3551 951 3617 cs.
977 3551 1014 3605 aa
1034 3566 1064 3618 p.
1089 3554 1158 3615 211,
1182 3555 1225 3604 11.
1255 3567 1307 3604 mo:

179 3643 244 3694 tuus
270 3645 313 3696 est
335 3640 423 3696 infalo
442 3643 477 3695 A.
515 3643 639 3694 mortuus
666 3643 709 3694 ost
733 3640 762 3694 iu
788 3641 873 3710 phale
892 3638 981 3692 BDF
1001 3643 1025 3692 et
1043 3637 1101 3692 nisi
1118 3639 1193 3706 quod
1209 3637 1307 3709 inphat

180 3729 209 3782 0.
237 3729 362 3783 Mortuus
381 3732 423 3782 est
441 3728 470 3783 iu
488 3729 573 3797 pholo
593 3729 626 3782 θ.
663 3731 789 3782 mortuus
808 3726 897 3781 estin
916 3725 1067 3795 stimphalo
1086 3725 1149 3781 EZ.
1173 3726 1307 3783 ,Mortem

180 3817 347 3886 Stymphalo
375 3818 505 3885 Bottiaia,
531 3817 560 3871 in
583 3820 705 3872 insnenc
725 3823 790 3887 post
807 3816 944 3872 Arcadiae
1051 3815 1181 3870 arcadiae
1200 3815 1238 3872 Ε.
1279 3817 1307 3871 A

180 3905 259 3961 cadie
279 3908 311 3962 Z.
344 3906 474 3962 archaide
493 3907 529 3961 Β.
561 3907 712 3962 archadiac
731 3909 810 3962 ceteri
917 3905 1003 3976 opido
1021 3905 1076 3958 AB
1183 3902 1307 3960 nichili

179 3995 220 4050 nil
244 3996 276 4049 G.
314 3995 385 4050 nihil
412 3997 505 4050 ceteri:
532 4001 557 4050 et
584 3997 624 4050 sic
647 4013 734 4065 prope
760 3999 915 4050 concinnior
1020 3991 1121 4047 Publio
1147 3991 1307 4050 ainana

178 4084 251 4153 quod
269 4089 333 4153 poet
356 4089 495 4157 repertum,
510 4090 547 4138 est
564 4085 596 4139 in
614 4085 650 4142 E.
675 4083 790 4139 Publius
809 4084 874 4138 Ala.
892 4083 923 4136 P.
942 4083 970 4135 A
990 4083 1025 4150 (et
1040 4088 1085 4150 pr.
1104 4081 1214 4150 quidm
1232 4098 1307 4137 nasa

179 4175 226 4228 sert
240 4173 422 4241 premissum
440 4174 647 4242 initiaverant),
662 4173 776 4227 ODFZ.
796 4190 822 4241 p.
837 4172 872 4225 B.
892 4170 926 4224 ei.
946 4188 973 4240 p.
991 4170 1017 4224 G
1089 4176 1105 4224 8
1126 4168 1296 4240 Scipio....

180 4263 306 4316 seruulus
325 4263 404 4329 infra
422 4263 523 4316 iterant
542 4264 608 4317 lion·
623 4279 652 4330 p.
672 4267 776 4327 212⁶
858 4259 983 4329 Scipioni
1000 4258 1037 4313 Ε.
1058 4258 1102 4314 Sc.
1121 4258 1147 4312 θ
1220 4258 1307 4329 profu

179 4351 329 4418 BCDEZ,
352 4367 412 4418 sap.
432 4366 482 4404 scr.
503 4351 559 4416 Gt,
584 4368 651 4419 mro.
672 4350 724 4405 Fe.
745 4368 794 4404 orn.
814 4349 918 4402 GaFn.
944 4348 970 4401 ci
990 4346 1097 4416 profuit
1114 4347 1142 4400 A
1229 4346 1307 4403 inii

180 4439 206 4493 ei
223 4441 304 4494 ceteri
371 4438 454 4493 lelius
473 4437 587 4493 Aahx.
606 4437 696 4492 lucius
715 4438 749 4491 B.
770 4438 800 4492 L.
821 4438 846 4490 G
915 4435 955 4488 nil
973 4436 1013 4489 sic
1032 4434 1062 4487 Ε
1124 4434 1239 4506 Furius]
1259 4435 1307 4491 Fa
