2888 5040
449 335 667 384 rnaonnnra
691 336 875 384 Pilumni.
1167 319 1229 384 197

104 479 234 562 exempla
257 478 295 543 de
321 476 374 543 his
402 479 585 544 neccssaria
607 479 809 563 decerpenda
832 481 917 543 sunt.
962 479 1119 544 Afranius
1143 529 1150 544 .
1170 531 1177 544 .
1195 530 1229 545 ..

95 571 222 649 Plautus
241 585 274 650 in
295 584 454 651 Astraba:

115 715 221 791 Dare
240 728 403 812 podibus
427 728 621 813 protinam
646 731 730 795 sese
754 728 884 794 abhis
908 725 1201 814 regionibus.’¹¹)
1250 747 1284 796 14

81 850 157 926 Vbi
193 874 311 934 octaua
343 870 396 936 vel
427 872 600 936 macodo
632 870 764 955 quidam
792 872 926 936 codices.
955 909 999 916 —
1031 869 1080 934 De
1108 846 1231 955 triplici

69 956 197 1037 s⁰rma
215 974 357 1040 adverbii
380 976 573 1060 explicatius
596 976 663 1042 dixi
686 977 804 1060 Opusc.
827 977 907 1061 phil.
930 976 963 1041 Π
986 999 1016 1060 p.
1040 977 1105 1041 244
1121 998 1190 1062 sqq.

477 1294 550 1361 VII.
596 1293 830 1361 BAOARIA.

179 1435 353 1502 Macrobius
378 1436 505 1504 Satura.
533 1437 596 1523 111,
629 1438 669 1503 16
698 1439 738 1503 ab
767 1437 876 1502 initio:
907 1436 1229 1523 ‘Necacipcnsen

74 1547 183 1611 ‘luem
208 1545 309 1610 maria
338 1545 485 1631 prodigis
515 1545 678 1628 nutriunt,
707 1544 795 1609 illius
818 1543 939 1608 sacculi
962 1543 1092 1609 delicias
1116 1543 1229 1627 euasit,

80 1639 111 1699 tl
132 1654 177 1713 ut
190 1649 309 1735 liqueat
327 1652 468 1717 secundo
482 1652 605 1717 Punico
624 1651 712 1716 bello
732 1650 857 1714 celebre
875 1672 994 1715 nomen
1012 1650 1109 1715 huius
1128 1650 1228 1734 piscis

87 1739 352 1843 nisse-accipite
375 1762 412 1823 ut
433 1758 621 1823 meminerit
644 1758 713 1822 eius
728 1757 863 1821 Plautus
887 1756 921 1821 in
944 1755 1055 1821 fabula
1077 1778 1160 1840 quae
1178 1757 1228 1821 in-

92 1855 229 1928 imbitur
259 1863 445 1948 beocherie,
473 1886 512 1928 ex
539 1884 679 1948 persona
704 1862 854 1948 parasiti:
887 1863 977 1946 «quis
1006 1866 1056 1927 cst
1079 1863 1228 1928 mortalis

95 1959 178 2031 tanta
201 1969 331 2034 fortuna
363 1968 508 2034 adfectus
540 1991 694 2053 umquam
725 1990 789 2052 qua
819 1988 879 2052 ego
908 1988 993 2031 nuno
1021 1986 1105 2053 sum,
1138 1969 1227 2034 cuins

99 2059 168 2135 hbeo
192 2074 294 2139 uentri
321 2077 473 2158 portatur
500 2075 643 2159 pompa?
674 2074 727 2139 uel
755 2096 854 2157 nunc,
888 2074 944 2158 qui
972 2074 1053 2139 mihi
1082 2074 1117 2139 in
1146 2077 1228 2140 mari

102 2171 244 2258 wipenser
265 2181 364 2246 latuit
385 2179 537 2265 antchac,
562 2182 653 2246 cuius
677 2201 738 2267 ego
761 2181 848 2246 latus
871 2181 906 2245 in
928 2181 1071 2246 latebras
1094 2180 1226 2246 reddam

106 2282 170 2347 mois
192 2285 339 2351 dentibus
367 2289 401 2352 ot
429 2286 617 2353 manibusnf
640 2326 684 2333 —
707 2285 784 2353 Non
810 2287 925 2352 leviter
952 2292 1104 2372 corrupta
1127 2289 1227 2354 verba

106 2393 209 2475 poetae,
239 2391 274 2456 in
306 2393 508 2478 septenarios
538 2394 695 2459 iambicos
724 2394 790 2459 iam
818 2393 897 2458 olim
921 2415 941 2457 a
964 2415 1015 2457 me
1038 2395 1169 2459 redacta
1191 2395 1226 2459 in

102 2489 232 2564 ludovici
253 2499 325 2564 Iani
350 2501 551 2583 praefatione
576 2500 616 2565 ad
639 2499 797 2565 Macrobii
820 2497 935 2564 volss
958 2523 989 2584 p.
1013 2499 1104 2584 VIII,
1127 2500 1225 2585 paulo

98 2605 182 2669 ctiam
204 2606 415 2671 confidentius
439 2629 523 2671 nuno
547 2609 592 2672 sic
616 2607 820 2672 reconcinno:

127 2745 214 2822 Quis
242 2748 301 2812 cst
328 2749 510 2813 mortalis
540 2750 616 2812 tam
644 2749 743 2813 bona
765 2747 922 2812 furtiua
946 2747 1122 2815 adfectus
1146 2754 1276 2816 iim-16

714 2877 840 2938 quam,

121 2958 240 3034 Quam
269 2981 337 3045 ego
366 2965 463 3026 minc
488 2984 582 3045 sum,
610 2962 750 3045 quoius
778 2961 874 3026 haec
899 2961 1101 3044 [dapsilis]
1132 2985 1221 3028 uen-

712 3067 767 3131 tri
788 3071 967 3151 portatur
989 3069 1140 3153 pdmpa!

117 3171 191 3237 Vel
218 3179 316 3238 mino
346 3173 422 3258 hic,
450 3176 513 3259 qui
541 3174 636 3239 mihi
663 3173 701 3239 in
729 3175 850 3239 marid
879 3175 1080 3259 acipenscr
1102 3175 1222 3241 latuit

713 3281 892 3364 antchac,

116 3384 264 3462 Quoius
294 3387 397 3452 latus
427 3388 465 3451 in
493 3386 670 3452 latebras
700 3388 855 3453 reddam
884 3408 953 3472 ego
977 3388 1070 3453 meis
1094 3390 1220 3454 denti-

712 3495 780 3559 bus
805 3499 841 3558 et
864 3494 986 3559 malis.

159 3633 229 3700 Nec
256 3636 341 3699 enim
370 3658 450 3720 opus
480 3639 529 3700 est
556 3637 643 3701 cuius
673 3637 706 3700 in
734 3638 800 3701 eires
827 3640 966 3714 mutato,
994 3636 1027 3699 id
1054 3638 1139 3720 quod
1169 3640 1220 3702 vel

55 3744 178 3810 minus
206 3743 410 3807 commodum
441 3743 540 3807 fuerit
567 3743 607 3806 ad
635 3743 868 3808 sententiarum
897 3743 1219 3829 enuntiationumque

56 3872 139 3916 sese
165 3847 392 3931 excipientium
417 3850 576 3913 rationem
601 3853 696 3933 atquc
717 3849 1007 3914 conformationem
1026 3849 1219 3915 universam.

54 3961 178 4041 Atque
202 3954 283 4019 adeo
307 3954 377 4018 fieri
399 3959 509 4038 potest
532 3960 568 4019 ut
591 3956 812 4020 continuatam
838 3979 857 4019 a
880 3958 977 4038 poeta
1001 3978 1073 4020 cum
1093 3960 1218 4020 senten·

53 4069 109 4132 tia
135 4061 412 4129 constructionem
436 4085 502 4126 non
525 4066 711 4146 persecutus
735 4063 778 4127 sit
792 4062 986 4127 Macrobius.
1001 4099 1043 4106 -—
1057 4061 1218 4127 Producta

54 4176 176 4237 autem
216 4168 333 4232 ultima
364 4168 508 4253 positum
540 4170 679 4234 ductibus
712 4170 739 4233 si
772 4171 843 4252 quis
877 4169 1028 4252 amplecti
1060 4175 1218 4253 vereatur,

136 4349 182 4413 11)
202 4343 262 4398 Sua
285 4345 385 4413 sponte
408 4325 583 4414 intellegitur
606 4343 676 4398 talia
695 4344 794 4399 codam
812 4344 871 4399 iure
889 4361 970 4414 posse
989 4363 1039 4414 pro
1058 4348 1216 4415 septenario

55 4435 164 4493 haberi
183 4433 231 4490 oui
251 4432 326 4488 desit
344 4431 526 4502 principium:
546 4433 637 4501 quode
657 4433 742 4488 semol
761 4435 900 4488 monuisse
920 4433 987 4489 satis
1007 4437 1073 4489 osto.
