2888 5040
537 349 788 397 nocisromcis.
1171 335 1237 398 409

145 498 169 556 ut
183 493 321 557 mittamus
345 491 474 558 Sosium
498 492 643 576 Pappum
668 491 827 556 Hadriani
850 493 932 576 lmp.
951 494 1098 558 amicum.
1132 492 1238 558 Solia

144 597 291 682 reliquorum
323 599 538 664 similitudine
572 600 726 663 recedunt
748 597 891 663 illarius
920 605 953 664 et
981 599 1117 664 Gallus
1142 599 1238 664 Fun·

143 703 239 769 danius
261 705 448 790 logistorici
498 705 643 782 Quorum
670 705 751 770 illud
779 706 960 788 exemplum
988 712 1118 771 tautum
1147 708 1239 771 abest

144 813 167 873 ut
176 813 346 896 propositam
360 834 508 877 normam
523 812 708 896 labefactet,
727 816 763 876 ut
782 813 950 877 confirmet
967 813 1091 897 potius:
1111 814 1238 898 quando

143 914 210 981 hono
226 939 319 984 novus
342 919 382 983 de
404 919 499 1003 plebe
523 916 558 984 0.
580 917 704 984 Marius
727 920 860 984 carebat
884 920 1083 1003 cognomine.
1126 921 1240 986 Gallae

143 1027 218 1088 auum
231 1024 409 1111 cognomini
429 1047 487 1091 cur
505 1025 707 1111 gentilicium
721 1024 827 1090 Varro
847 1024 995 1110 iunxerit,
1017 1049 1084 1091 non
1107 1031 1158 1093 est
1180 1028 1240 1092 dif-

142 1126 245 1196 ficilced
266 1132 485 1197 divinandum.
531 1132 595 1196 Tot
623 1133 709 1196 enirn
736 1132 884 1217 gentium
908 1131 1128 1198 Romanarum
1152 1133 1239 1198 Galli

142 1234 281 1304 incantet
302 1263 341 1305 cx
365 1244 459 1323 parte
482 1239 656 1304 clarissimi
678 1238 745 1304 illis
769 1239 982 1323 temporibus,
1005 1241 1095 1304 velut
1119 1241 1240 1324 Aeliae,

142 1340 257 1428 Aquiliae,
271 1345 413 1429 Asiniae,
427 1345 593 1428 Caniniae,
608 1343 788 1431 Corneliae,
802 1345 929 1429 Fadiae,
946 1346 1080 1430 Plotiae,
1095 1346 1240 1430 ltosciae,

142 1443 238 1535 Scrtiae,
258 1456 293 1517 ut
315 1452 357 1517 ad
381 1453 527 1537 quemvis
550 1453 667 1517 horum
690 1453 813 1536 potius
837 1475 934 1537 quam
958 1454 998 1518 ad
1022 1454 1241 1519 obscuriorem

143 1552 241 1638 aliquem
259 1558 460 1623 Fundanium
484 1560 554 1623 visa
577 1563 664 1623 esset
685 1559 868 1643 logistorici
892 1560 1061 1643 inscriptio
1086 1565 1241 1644 spectare,

141 1661 185 1725 nisi
195 1685 313 1731 errorem
329 1667 399 1750 ipse
418 1666 561 1749 scriptor
579 1666 728 1731 cavisset.
761 1666 861 1750 quue
880 1688 953 1731 eum
972 1667 1106 1731 honoris
1126 1689 1241 1734 caussa

142 1762 221 1834 iecisse
238 1794 272 1836 eo
294 1795 364 1837 esse
388 1773 574 1837 credibilius
598 1777 765 1856 putamus,
798 1795 861 1856 quo
888 1773 1090 1856 probabilius
1113 1775 1243 1840 Funde

142 1873 203 1938 aiere
224 1878 307 1944 illum
339 1879 487 1944 videmur
519 1902 592 1944 eum
621 1877 814 1943 Schneidero
847 1878 885 1942 dc
914 1877 1007 1943 Varr.
1032 1881 1100 1943 vila
1123 1884 1156 1944 et
1183 1904 1243 1946 scr.

142 1996 162 2056 p.
178 1979 224 2046 tlt
240 2007 282 2069 sq.
313 1985 417 2070 ipsius
450 2006 597 2048 socerum
630 1982 786 2048 Varronis
819 1984 1041 2067 interpretari:
1079 1986 1118 2050 de
1151 1987 1242 2052 cuius

142 2091 287 2167 omonimo·
312 2091 396 2156 nihil
425 2091 590 2175 proditum
618 2095 669 2155 cst
692 2091 877 2159 memoriae.
924 2090 1008 2156 Huic
1031 2091 1148 2176 igitur,
1179 2093 1242 2158 nisi

142 2183 256 2279 salimur,
284 2197 464 2282 gratificari
492 2218 591 2282 gener
620 2197 737 2280 voluit,
768 2197 888 2261 librum
918 2198 946 2262 ei
975 2199 1154 2263 inscribens
1179 2222 1242 2284 quo

144 2293 210 2361 lbani
227 2303 379 2369 indoctior
402 2326 505 2368 senex·
524 2308 558 2368 et
576 2304 617 2368 ab
636 2303 852 2368 humanitatis
872 2304 988 2368 studiis
1007 2306 1147 2370 fortasse
1166 2308 1242 2371 alie·
1258 2329 1316 2370 vm

143 2397 191 2464 uior
207 2405 286 2474 lacile
308 2410 538 2494 delectaretur,
566 2410 606 2474 de
633 2410 776 2475 mirabili
799 2414 916 2474 natura
939 2416 1144 2496 stagnorum,
1173 2415 1242 2478 fou·

145 2501 210 2593 lum,
233 2515 385 2602 locorum,
419 2517 620 2602 aliarumque
653 2540 761 2581 rerum
794 2517 1003 2583 adarrircndts:
1040 2518 1071 2582 id
1107 2519 1191 2604 quod
1226 2542 1242 2583 e

143 2606 288 2694 sumentis
315 2628 403 2688 recte
432 2624 567 2707 collegit
588 2624 778 2688 Krahnerus
812 2623 850 2686 de
877 2623 968 2689 Varr.
1002 2627 1103 2708 antiq.
1136 2649 1165 2709 p.
1192 2627 1242 2690 15.

144 2709 189 2780 Sibi
212 2728 304 2794 umen
336 2733 373 2794 ut
402 2733 559 2814 quantum
589 2734 700 2813 posset
730 2734 909 2811 constaret,
941 2753 1005 2794 nou
1036 2732 1243 2796 carmeiam

144 2816 242 2909 Gallum,
257 2836 306 2900 sed
323 2836 455 2901 Gallum
468 2836 676 2901 Fundaniam
690 2836 796 2900 Varro
816 2835 996 2919 inscripsit:
1016 2860 1111 2920 quom
1131 2862 1242 2902 rerum

144 2946 192 2992 1111
211 2942 361 3008 nominum
391 2943 537 3007 ordinem
563 2943 611 3006 vel
641 2947 793 3026 corrupta
817 2941 917 3006 Nonii
942 2941 1130 3007 testimonia
1153 2967 1239 3010 mon·

144 3034 223 3105 strant,
258 3047 410 3113 Nostram
438 3053 546 3114 autem
577 3050 771 3114 sententiam
801 3049 856 3133 qui
885 3053 1050 3133 sequetur,
1073 3071 1136 3113 nou
1161 3074 1242 3134 opus

144 3131 241 3214 latebit
262 3154 297 3220 de
324 3155 450 3220 duobus
478 3156 678 3240 logistoricis
707 3157 865 3239 suspicari
894 3157 1028 3220 duorum
1057 3156 1243 3222 nominibus

146 3237 268 3322 Gallorum
289 3261 469 3345 inscriptis:
493 3263 548 3346 qui
572 3267 608 3327 ut
631 3263 798 3327 commode
818 3264 902 3326 inter
921 3287 954 3327 se
974 3264 1242 3347 discernerentur,

146 3345 212 3510 {aelle
237 3368 386 3452 quispiam
410 3373 504 3453 putet
528 3371 609 3453 ipsis
640 3371 790 3454 ascriptis
819 3372 1066 3456 cognominibus
1096 3394 1243 3456 prospec-

156 3475 192 3522 11111
210 3487 272 3536 csse.

207 3567 255 3637 Vel
268 3578 326 3644 hoc
345 3583 493 3664 exemplo
513 3582 724 3666 intellegitur,
743 3584 853 3667 aliquo
869 3585 995 3649 vinculo
1016 3592 1242 3669 argumentum

149 3666 260 3759 cuiusque
285 3686 462 3770 logistorici
493 3710 564 3751 cum
595 3688 743 3772 inscripti
772 3689 913 3754 hominis
943 3712 1095 3773 persona,
1128 3691 1245 3772 indole,

150 3778 253 3846 moribus
272 3792 401 3858 saetisve
425 3793 599 3858 contineri:
631 3795 715 3858 idem
740 3803 848 3861 autem
872 3819 930 3880 per
954 3797 1017 3861 alia
1041 3819 1168 3879 quoque
1192 3821 1242 3861 ex-

145 3884 226 3962 ,cnpla
243 3903 377 3984 persequi
404 3901 523 3965 licebit.
560 3900 605 3965 Et
619 3903 723 3968 Marii
746 3905 873 3988 quidem
898 3904 1029 3967 nomine
1053 3926 1149 3985 quam
1169 3911 1244 3987 apte

153 3979 292 4103 dilim‘m
310 4006 391 4071 liber
415 4009 459 4073 sit
482 4009 666 4092 inscriptus,
688 4031 739 4073 res
763 4011 836 4093 ipsa
851 4011 1003 4093 loquitur.
1041 4013 1242 4093 Quamquam

151 4102 244 4205 mnne
271 4129 389 4177 necesse
419 4119 470 4178 est
500 4115 541 4178 ad
571 4115 679 4201 ipsum
709 4113 744 4179 C.
767 4115 906 4180 Marium
931 4116 1051 4199 septies
1077 4116 1241 4180 consulem

149 4204 251 4307 lullus
273 4216 318 4300 sit,
339 4220 370 4284 id
395 4221 479 4304 quod
504 4206 625 4304 apertis
650 4221 687 4285 de
712 4223 833 4286 caussis
858 4221 938 4286 adeo
959 4221 1113 4285 abhorret
1136 4244 1156 4285 a
1175 4225 1242 4287 veri

146 4298 325 4405 ⁸fl¹¹lli1¹diue3
343 4348 382 4389 ne
397 4325 437 4388 ad
452 4326 555 4389 lilium
570 4327 698 4409 quidem
715 4327 801 4391 illius
817 4327 911 4391 Marii
928 4327 1083 4409 scriptum
1102 4328 1243 4394 credide·

142 4409 191 4479 ΜΠ)
205 4417 251 4492 11111
270 4423 329 4495 ism
348 4455 375 4498 a
390 4434 454 4498 671
474 4437 613 4498 mortem
629 4434 724 4518 obiit3
748 4434 803 4498 scd
818 4435 997 4521 quicumque
1016 4434 1078 4499 fuit
1097 4456 1135 4500 ex
1155 4436 1242 4504 illius
