2924 5046
138 314 202 378 308
409 327 650 388 ovsasrronns
675 325 1021 376 ononisonoomnn..

182 474 267 537 nida.
300 470 446 536 Conferri
466 475 576 536 tamen
600 471 719 536 Gallius
741 474 860 554 potest,
883 470 921 534 de
941 490 1005 554 quo
1024 490 1053 533 v.
1063 467 1151 532 infra
1164 489 1197 550 p.
1212 465 1307 531 314

184 579 222 643 In
246 577 416 643 Asinariae
439 601 534 643 versu
553 579 680 662 positus
700 577 902 642 accusativus
925 575 1060 641 Diniom
1078 575 1118 639 de
1139 574 1307 638 nomine

185 686 255 753 tivo
279 685 360 750 nihil
384 686 485 751 docet.

140 793 327 874 1Δεκίων
350 792 482 857 Decio:
514 793 597 856 servi
619 813 737 856 nomen
759 792 823 855 fert
810 795 861 855 tur
884 786 1170 854 Menaechmorum
1195 785 1238 871 V,
1266 793 1307 851 Ξ

182 900 225 963 36
254 897 358 984 (731.)
403 898 437 976 I,
464 894 573 981 De'eio,
601 919 712 980 quoae
739 898 840 962 oraim
861 901 985 979 patrem
1014 917 1039 958 e.
1068 917 1097 979 q
1123 916 1148 957 s.
1197 893 1298 970 Qum

183 1028 255 1070 cum
278 1009 345 1069 tam
370 1025 520 1090 graecam
543 1004 794 1089 originationem
818 1025 915 1087 quam
938 1003 1074 1067 latinam
1094 1003 1235 1084 respuat
1253 1022 1307 1063 ει

182 1135 223 1177 ne
247 1111 411 1195 proditum
435 1110 564 1194 quidem
588 1111 663 1174 sit
654 1132 687 1174 111
711 1110 813 1193 libris,
837 1109 875 1173 de
893 1109 1009 1174 mendo
1029 1107 1215 1191 scripturae
1235 1105 1307 1170 (11-

183 1219 280 1283 bitari
303 1217 424 1301 nequit.
470 1214 634 1300 Scriptum
657 1220 708 1281 est
731 1221 839 1281 autem
863 1217 897 1280 in
920 1215 1078 1281 Palatinis
1102 1218 1206 1298 atque
1224 1211 1307 1277 1ε

182 1325 290 1390 tioano
313 1326 359 1390 Ei
380 1327 464 1390 (leoco
484 1345 579 1406 quare
597 1323 737 1407 (qrcaere)
755 1324 774 1387 i.
794 1345 820 1387 e.
839 1318 1234 1396 EIDEOEOQVAERE:
1256 1320 1307 1383 ἰ

183 1431 300 1515 quibus
323 1431 443 1495 litteris
466 1430 562 1515 latet,
584 1431 648 1495 nisi
670 1430 767 1495 fallor
790 1429 900 1512 animi,
922 1424 1307 1502 EPIDIOEQVAER‘.

181 1537 202 1600 i.
221 1559 247 1600 e.
265 1537 436 1619 Epidico,
458 1557 576 1617 qrroere.
594 1572 631 1580 —
654 1534 742 1599 Haeo
762 1535 964 1619 scripseram,
983 1556 1055 1599 cum
1074 1556 1168 1599 suam
1188 1556 1307 1619 qua-

182 1643 256 1707 dam
285 1643 502 1721 coniecturam
526 1641 752 1706 Fleckeisenus
782 1663 907 1705 mecum
931 1640 1196 1723 communicavit,
1227 1660 1307 1725 qr:

184 1749 280 1815 Deeeo
302 1751 430 1815 litteras
453 1751 494 1814 ad
513 1750 610 1814 Decso
633 1749 654 1813 i.
678 1771 703 1813 e.
723 1748 825 1813 Dexo
847 1770 966 1813 nomen
984 1752 1126 1830 revocat,
1148 1747 1307 1812 Plauti...

184 1862 221 1922 ut
250 1859 278 1922 ei
308 1856 354 1943 (h.
382 1880 408 1922 e.
435 1855 462 1942 i)
485 1857 589 1935 Dexo,
618 1877 729 1939 quaem
756 1856 934 1939 scripserit:
966 1877 1026 1919 neo
1049 1855 1137 1918 enim
1160 1854 1307 1919 Δεξῐνς

181 1967 310 2028 tantum
343 1967 375 2027 et
408 1964 516 2047 Δεξώ,
549 1963 604 2027 sed
638 1964 736 2027 etiam
767 1964 900 2027 Δέξων
932 1967 1060 2026 exstare
1092 1962 1126 2026 in
1161 1981 1307 2046 graeca·

181 2069 286 2132 titulis
319 2092 339 2132 a
367 2068 469 2153 Papio
498 2069 774 2152 commemoratis,
809 2091 941 2152 prorsus
970 2069 1010 2133 ad
1038 2067 1307 2132 similitudine:

182 2174 312 2238 illorum
344 2197 425 2258 quae
456 2181 531 2242 sunt
555 2175 683 2258 Κλήςων
713 2174 838 2257 Κτήςων
862 2177 972 2242 Λύςων
996 2173 1137 2255 Μνηςων
1159 2174 1307 2240 Πείςυ..

182 2280 331 2345 (πεύςων
355 2303 428 2346 cum
452 2285 576 2349 ceteris.
614 2282 793 2348 Fatendum
812 2287 862 2348 est
880 2283 1013 2367 propius
1034 2281 1067 2345 id
1087 2305 1107 2345 a
1126 2281 1307 2346 librorut

184 2388 341 2451 memoria
359 2388 472 2454 abesse
491 2412 587 2476 quam
608 2392 693 2476 quod
712 2411 772 2475 ego
792 2389 959 2474 proposui:
983 2410 1182 2473 quamquam
1201 2387 1307 2452 idea

183 2513 248 2556 non
271 2491 412 2558 diffiteor
434 2497 546 2579 paullo
571 2497 678 2561 minus
702 2497 900 2561 reconditam
924 2496 1007 2559 servi
1030 2494 1307 2578 appellatione:

184 2599 289 2684 magis
313 2600 506 2684 placituram
530 2623 609 2667 esse.

136 2704 154 2741 *
170 2706 346 2785 Δέλφιον
365 2704 433 2770 Del
439 2706 570 2791 phium
587 2706 791 2794 (Danaum
810 2709 961 2773 meretrix
977 2705 1210 2772 Mostellariae.
1238 2704 1307 2770 (Ζ

182 2813 318 2896 Δελφίς,
340 2815 493 2878 meretrix
515 2814 656 2880 Luciani.
704 2816 815 2896 [Errat
838 2814 1013 2879 Lorenzius
1036 2837 1066 2897 p.
1090 2813 1135 2894 9.]

138 2918 380 2996 Δημαίνετος
402 2917 673 2986 Demaenetus:
698 2943 795 2986 senex
819 2921 999 2986 Asinariae.

136 3019 342 3104 Δήμαρχος
366 3024 852 3113 Βοιοοτοὴιιο(1)ῐονΑκονο)ε
868 3051 972 3111 senex,
983 3026 1119 3092 Poenuli
1129 3025 1307 3111 V,2‚10··

115 3127 295 3207 Δημέὰς
318 3129 470 3197 Demea:
495 3155 590 3199 senex
613 3134 801 3220 Adelphon3
829 3173 871 3182 —
896 3135 973 3199 item
998 3134 1084 3218 apud
1108 3131 1307 3199 Caeciliuc

183 3256 211 3298 ν.
235 3235 310 3319 216,
333 3237 505 3302 Afranium
528 3264 557 3305 ν.
581 3242 656 3326 413,
679 3241 889 3324 Anonymum
907 3264 938 3324 p.
957 3241 999 3304 99
1020 3238 1124 3322 Ribb,
1148 3237 1228 3302 item
1250 3252 1307 3301 a

182 3341 309 3405 videtur
331 3345 416 3427 apud
435 3344 595 3411 Naevium
616 3371 643 3413 v.
662 3348 682 3412 6
701 3371 731 3431 p.
751 3350 779 3412 5.
818 3346 880 3429 [Of.
899 3347 1016 3431 Opusc.
1033 3344 1067 3409 ll
1090 3367 1122 3428 p.
1143 3345 1210 3409 343
1224 3362 1307 3429 sr-

138 3446 355 3527 Δημήτριος
379 3450 614 3518 Demetrius:
638 3476 749 3519 servus
768 3452 819 3539 (ut
836 3451 986 3537 videtur),
1009 3451 1210 3516 Bacchidum
1228 3440 1307 3515 Ιν

182 3554 275 3636 8,11
301 3552 409 3642 (912),
440 3580 634 3642 quamquam
664 3560 711 3624 ibi
742 3560 780 3624 de
808 3565 900 3643 patre
930 3559 1038 3643 potius
1061 3557 1121 3623 Ild.
1145 3556 1307 3621 Meieru

182 3659 306 3743 cogitat
342 3664 599 3728 commentarioli
637 3665 696 3729 sub
728 3665 879 3745 Λιπάρων
916 3665 1160 3730 commemorati
1192 3688 1223 3749 p.

185 3763 315 3847 [Opusc.
330 3767 465 3832 acadll
450 3769 676 3853 l.p335].—
690 3769 815 3837 Fabula
829 3794 901 3837 cum
916 3770 1065 3835 Naeviit
1051 3776 1122 3835 tum
1136 3768 1304 3855 Turpil't

182 3869 344 3955 lrequens
374 3874 441 3938 sive
470 3897 635 3941 servorum
663 3877 731 3942 sive
758 3878 949 3942 libertorum
977 3900 1093 3942 nomen
1123 3879 1223 3942 etiam
1250 3868 1307 3940 ἰ

181 3975 446 4060 inscriptionibus
470 3981 526 4045 lat
502 3981 590 4046 trois.

138 4083 385 4163 Δημοςθένης
414 4085 697 4152 Demosthenes
721 4086 1002 4177 (narrosrrurs):
1036 4091 1160 4155 amicus
1191 4078 1307 4155 seni]

182 4189 416 4274 AsinariaeV,
440 4194 537 4275 21
497 4191 848 4281 16.(866)1Ι11ἰοηι’
839 4219 871 4260 ln
896 4193 1001 4261 titulis
1025 4197 1138 4262 latinis
1162 4197 1307 4282 alique:

181 4296 277 4379 tiana,
299 4300 335 4360 ut
321 4296 382 4361 t.l
406 4296 605 4365 1111147.
629 4302 702 4365 814.

138 4400 334 4481 Δημοφῶν
358 4402 545 4487 Demipho
565 4404 745 4489 (Daniro):
770 4430 865 4472 sonex
890 4408 1061 4494 Cistella,
1080 4408 1307 4477 Mercatorib
