2924 5046
141 329 207 394 304
412 347 652 407 vaasrronas
676 345 1013 395 onoxnronoarcsa.

141 487 434 570 *Ἀνταμυνίδηε
449 490 753 555 Antamoenides
768 487 1072 576 (Ax'rnnvx1nus):
1096 491 1193 556 miles
1207 491 1251 556 Po

177 597 263 669 nuli.
308 597 391 662 Vide
414 597 500 661 infra
523 602 620 681 caput
642 597 674 662 II
698 599 753 677 §6
783 599 830 677 [et
848 596 1091 663 Fleckeisenum
1110 599 1145 662 in
1165 599 1251 664 Anni

184 703 296 786 philol.
320 709 399 771 tom.
422 703 530 770 ΧΟΙΙΙ
554 702 671 791 (1866)
693 727 724 787 p.
751 705 791 768 12
806 707 876 789 sq.].

139 807 449 889 *Ἀντεραιτυλίε
481 810 749 894 Anterastylis
782 809 1098 897 (Axrauxsrvnsp
1132 818 1251 878 mereti

185 914 328 980 Poenuli.
353 916 462 997 [Falso
486 917 640 982 scribitur
662 915 896 997 Anterastilis]

141 1020 388 1102 *Ἀντιδάμαε
412 1022 659 1101 Antidamas:
689 1023 818 1107 hospes,
841 1023 976 1088 Poenuli
999 1022 1040 1108 V,
1066 1027 1093 1109 1,
1116 1026 1171 1089 22.
1197 1024 1238 1111 V,

185 1129 237 1194 82.
261 1130 312 1196 87.
336 1131 388 1195 91.
411 1130 463 1195 95.
509 1130 634 1206 Quibus
663 1130 743 1194 locis
771 1153 835 1214 quo
862 1130 980 1194 certior
1009 1130 1154 1196 nominis
1183 1133 1251 1197 forr

185 1236 251 1320 illa,
275 1259 312 1303 eo
336 1236 442 1320 magis
465 1236 548 1300 miro
572 1258 679 1300 errore
702 1258 767 1300 uno
791 1255 889 1301 versu
913 1236 957 1300 85
984 1235 1156 1302 Palatinos
1185 1238 1251 1303 libr

184 1342 304 1406 invasit
322 1342 563 1407 Antidumarebi
582 1339 791 1426 seriptura*).
838 1341 944 1418 Quare
963 1342 1029 1406 iam
1048 1343 1222 1409 Acidalius
1242 1346 1251 1410 i

184 1452 271 1513 serto
304 1455 337 1513 ia
368 1449 560 1533 pronomine
588 1449 633 1513 sie
661 1448 756 1512 illum
790 1448 1027 1513 conformabat:
1059 1447 1225 1531 Siquidrin

183 1554 374 1619 Antidamae
395 1555 519 1636 pruciis
540 1554 774 1636 urleptaiiciurrr,
807 1554 986 1637 simplicius
1014 1553 1155 1620 Bothius
1181 1556 1251 1640 Sip

183 1661 252 1725 deni
265 1640 453 1726 Antidamai
469 1684 496 1743 p.
511 1683 540 1726 a.
564 1660 730 1725 suadebat.
777 1660 896 1724 Verum
912 1662 998 1725 aliud
1015 1663 1049 1727 in
1064 1660 1251 1728 Ambrosia

184 1770 349 1852 apparuit:
373 1766 640 1849 ANTIDAMAll,
664 1766 748 1850 quod
772 1788 837 1830 non
860 1767 981 1849 poteris
999 1790 1066 1834 nou
1084 1769 1251 1835 Antidarm

183 1874 406 1958 interpretari:
436 1896 569 1959 eamque
593 1874 731 1938 formam
754 1873 885 1937 licuerit
907 1874 1046 1939 fortasse
1071 1876 1194 1942 collato
1218 1878 1251 1944 (l

183 1980 344 2044 lida-meles·
366 1981 496 2045 nomine
515 1980 624 2045 tutari.
672 1977 733 2043 Sed
753 1979 967 2063 gravissimus
985 1984 1094 2046 tamen
1115 1983 1251 2068 serupul

183 2086 236 2150 bie
264 2090 380 2169 restat,
408 2086 493 2170 quod
525 2087 639 2152 virae
667 2108 707 2148 ne
735 2086 788 2149 vix
817 2085 944 2169 quidem
974 2088 1183 2171 perspicitur,
1212 2112 1251 2174 qu

182 2192 313 2257 tandem
337 2213 465 2256 movere
488 2196 619 2276 poetam
642 2191 793 2275 potuerit,
816 2195 853 2255 ut
875 2192 960 2256 inter
978 2196 1030 2257 tot
1048 2196 1201 2279 exempla
1221 2218 1251 2259 ιιι

183 2301 271 2363 tatae
285 2299 475 2362 Antaramas
488 2298 621 2376 formae,
634 2298 669 2361 in
684 2297 794 2361 eadem
810 2318 927 2362 scaena
946 2303 1043 2382 atque
1064 2300 1144 2365 adeo
1164 2302 1251 2367 brea

182 2405 265 2469 simo
290 2405 331 2469 ab
353 2409 489 2489 utraque
513 2408 606 2487 parte
624 2403 796 2468 intervallo
812 2402 988 2486 redeuntia,
1008 2404 1077 2469 sine
1092 2405 1162 2470 ulla
1175 2428 1251 2471 num

182 2533 291 2576 rorum
308 2513 359 2576 vel
378 2511 485 2596 gratia
505 2511 555 2576 rel
576 2511 771 2575 necessitate
795 2510 893 2574 semel
918 2511 1054 2574 alteram
1074 2512 1166 2577 illam
1185 2514 1251 2579 adsi

182 2622 287 2683 sceret
308 2641 441 2703 prorsus
465 2617 654 2683 solitariam.
702 2616 764 2697 [Of.
787 2615 821 2680 C.
845 2615 878 2680 F.
902 2615 955 2681 W.
978 2617 1095 2681 Miiller
1122 2620 1157 2683 in
1181 2618 1251 2685 Ben

182 2725 305 2809 ephem.
329 2746 440 2810 gymn.
464 2749 492 2789 a.
519 2724 602 2790 1867
627 2746 657 2806 p.
681 2723 769 2804 559]

138 2831 355 2913 Ἀντίμαχο(
389 2830 643 2897 Antimachus
677 2828 930 2916 (Auernaevsp
962 2836 1064 2915 pater,
1097 2834 1249 2901 Aululari

181 2938 237 3023 IV,
264 2940 312 3023 10,
336 2940 388 3003 49.

137 3043 329 3125 Ἀντιφίλη
363 3043 569 3126 Antiphila
601 3042 820 3127 (Anrnnunp
863 3046 979 3110 mulier
1010 3046 1251 3115 Hautontimor

181 3174 289 3236 rnenu3
303 3188 340 3197 —
358 3150 509 3214 meretrix
529 3149 615 3232 apud
629 3150 811 3234 Turpilium
832 3175 860 3216 v.
877 3154 939 3217 188
955 3153 1050 3219 Ribb.
1076 3156 1140 3235 [cf.
1165 3155 1251 3240 Opus

181 3257 213 3322 ll
237 3281 267 3342 p.
291 3258 379 3337 484]

136 3366 322 3443 Ἀντιφῶν
346 3363 518 3447 Antipho
542 3361 724 3450 (An'rrr’o):
753 3388 849 3431 senex
880 3365 995 3447 suche
1020 3403 1061 3413 -
1093 3368 1251 3433 adulescei

179 3493 251 3536 cum
278 3470 427 3536 Eunuchi
454 3475 524 3534 turn
552 3470 773 3556 Phormionis3
802 3511 844 3520 -
881 3475 958 3537 item
987 3474 1071 3556 apud
1101 3472 1251 3538 caeciliu

180 3602 209 3645 v.
227 3580 270 3643 30
294 3582 390 3663 atque
413 3577 624 3660 Anonymum
646 3600 677 3661 p.
694 3580 735 3643 97
761 3579 855 3644 Ribb.

115 3683 315 3765 ΙἈπελλᾶι(
339 3685 477 3768 Apella
500 3683 666 3771 (Ar³n1.x):
688 3687 799 3751 fabula
822 3685 936 3752 Naevii
957 3686 990 3772 (a
1009 3688 1092 3752 servi
1115 3690 1251 3773 nornine

179 3792 234 3855 ubi
271 3792 469 3856 Ribbeekius
506 3791 651 3855 codicum
690 3794 879 3857 memoriam
916 3794 1049 3875 Appella
1086 3794 1251 3859 servanda:

179 3896 271 3962 duxit
295 3898 385 3963 (iem.
408 3921 437 3981 p.
462 3899 490 3961 7.
536 3896 757 3982 Frequentant
778 3921 896 3962 nomen
920 3898 1006 3963 tituli
1031 3899 1135 3964 latini.

134 4000 369 4084 *Ἀποικίδηε
394 4003 626 4086 Apoecides:
650 4027 745 4068 surrex
770 4004 908 4088 Epidici.

135 4111 410 4190 *Ἀργύριπποε
439 4110 687 4195 Argyrippus
716 4109 966 4195 (An(rvR11’vs):
993 4112 1184 4179 adulescens
1212 4114 1251 4178 As

181 4239 301 4284 nanae.

139 4330 145 4335 .
166 4331 190 4336 --
202 4331 230 4425 A)
242 4329 390 4427 siigulari
416 4355 535 4410 artifieio
560 4373 687 4410 caussam
711 4356 770 4410 eius
795 4356 894 4411 erroris
912 4358 1021 4427 aperire
1041 4358 1158 4415 Wexius
1175 4359 1251 4415 studu

139 4446 230 4501 Musei
248 4446 335 4500 Rhea.
355 4444 421 4499 novi
441 4448 462 4500 t.
482 4445 505 4498 11
525 4446 561 4512 (a.
582 4448 661 4513 1842)
680 4463 706 4514 p.
728 4451 787 4499 136.
