2888 5040
588 1340 591 1348 ·
636 1274 730 1371 xil.

135 1458 204 1541 De
239 1456 298 1539 Μ.
327 1458 507 1541 Terentii
536 1458 723 1542 Varronis
752 1459 993 1568 logistoriois
1021 1459 1142 1544 libris
1153 1467 1197 1567 *).

10 1860 17 1973 l
174 1871 289 1937 Inter
317 1871 485 1954 praeclara
511 1871 634 1956 ingenii
662 1875 695 1935 et
722 1871 914 1937 eruditionis
939 1871 1162 1939 Varronianae
1186 1899 1253 1940 mo·
1267 1893 1305 1931 111

62 1980 269 2059 numerata,
292 1998 376 2061 quae
390 1983 572 2062 temporum
588 1977 708 2043 iniuria
727 1979 821 2043 nobis
841 1978 966 2062 invidit,
980 2001 1014 2041 re
1034 1981 1170 2063 quadam
1192 1982 1254 2045 sin-

68 2086 202 2173 gulari
230 2084 378 2149 duorum
401 2104 521 2168 genera
542 2085 699 2150 librorum
722 2086 877 2150 eminent:
912 2108 1022 2150 eorum
1050 2087 1166 2170 quibus
1190 2110 1255 2151 non

69 2190 278 2276 simplicia,
303 2190 362 2254 scd
385 2191 516 2277 gemina
538 2192 672 2257 nomina
693 2215 751 2276 pro
775 2192 936 2258 indicibus
961 2193 1065 2259 indita
1089 2199 1165 2259 sunit
1187 2195 1254 2258 lae.

69 2300 321 2365 satirarum
355 2302 389 2362 et
420 2298 741 2383 logistoricorum
774 2301 940 2366 librorum.
996 2301 1136 2366 Rursum
1170 2302 1254 2366 inter

71 2411 260 2489 utrosque
300 2402 425 2468 indices
462 2427 581 2490 magna
613 2407 743 2471 consilii
775 2408 959 2471 constantia
991 2407 1052 2472 hoc
1086 2408 1255 2471 intercedit

71 2508 312 2591 discriminis,
336 2509 420 2593 quod
444 2509 593 2575 binorum
617 2513 736 2577 satirae
756 2514 909 2597 cuiusque
927 2516 1095 2578 nominum
1116 2516 1254 2578 alterum

75 2641 159 2684 esse
188 2636 356 2700 graecum
380 2617 473 2700 solet,
495 2617 633 2682 latinum
658 2619 806 2701 alterum,
831 2620 951 2703 singuli
976 2623 1085 2683 autern
1110 2620 1186 2682 libri
1210 2620 1254 2684 lo-

74 2722 249 2810 gistorici
276 2720 364 2785 binis
388 2723 572 2788 nominibus
595 2725 707 2788 latinis
727 2726 881 2808 appellati
902 2730 984 2789 sunt.
1022 2725 1067 2789 Et
1086 2726 1124 2789 de
1144 2727 1252 2790 satiris

76 2830 233 2917 quidem
260 2849 348 2892 nunc
372 2827 536 2912 disputare
559 2829 642 2894 nihil
666 2830 794 2913 attinet,
817 2853 875 2894 nec
900 2817 1018 2914 paucas
1043 2831 1123 2895 haec
1146 2832 1253 2915 dispu-

76 2940 175 3005 iasio
204 2935 263 3000 rel
290 2936 456 2999 cautiones
479 2935 530 2999 vel
554 2937 772 3001 dubitationes
796 2936 909 3001 habet:
934 2942 1060 3002 tantum
1081 2938 1173 3002 facile
1198 2962 1252 3022 ap-

78 3049 209 3130 paret,
243 3041 354 3105 nullos
387 3041 516 3106 illarum
549 3042 671 3107 indices
705 3042 745 3106 ad
779 3044 867 3108 vivos
901 3044 1048 3108 homines
1082 3046 1252 3128 pertinere.
1302 3091 1310 3097 -

81 3151 189 3228 Quod
222 3151 343 3212 contra
369 3148 631 3230 logistoricorum
659 3171 758 3213 unum
786 3172 904 3215 nornen
933 3152 1064 3215 ductum
1093 3159 1144 3216 est
1168 3177 1186 3216 a
1210 3176 1253 3237 re,

84 3258 244 3322 alterum
272 3275 460 3338 eleemona,
484 3257 517 3317 et
540 3256 607 3319 eius
627 3255 754 3340 quidem
774 3278 923 3341 persona,
946 3260 996 3322 cui
1016 3259 1099 3323 liber
1118 3261 1254 3346 quisque

85 3365 276 3430 dedicatus
300 3365 363 3425 est:
388 3360 422 3424 in
446 3383 509 3445 quo
532 3383 649 3446 genere
673 3361 857 3446 tenendum,
880 3385 944 3426 non
969 3366 1172 3448 gentilicium
1197 3391 1252 3432 no-

86 3495 180 3554 men,
208 3468 268 3534 sed
293 3468 524 3552 propemodum
548 3473 734 3534 constanter
758 3489 936 3553 cognomen
960 3472 1055 3554 idque
1080 3475 1182 3537 solum
1207 3475 1253 3537 in·

40 3642 43 3647 .
87 3578 210 3645 scribi.
256 3573 431 3638 Dedicavit
454 3579 562 3638 autem
586 3576 727 3659 scriptor
750 3575 811 3639 tali
834 3574 970 3660 homini,
994 3600 1066 3641 cum
1091 3580 1181 3642 cuius
1206 3580 1251 3642 in·

87 3685 169 3750 dole
201 3682 370 3764 factisque
398 3680 507 3764 aliquo
536 3681 703 3745 societatis
732 3682 861 3747 vinculo
891 3683 944 3746 rei
973 3686 1133 3746 tractatae
1158 3704 1252 3766 argu-

90 3794 249 3857 mentum
275 3787 504 3852 contineretur.
537 3787 708 3852 Praeterea
728 3792 979 3853 consentancum
1000 3794 1049 3853 cst
1068 3789 1176 3873 aliquo
1201 3792 1251 3854 vel

89 3897 265 3964 amicitiae
284 3895 338 3959 vel
356 3894 593 3958 familiaritatis
615 3896 663 3958 vel
684 3896 882 3959 reverentiae
901 3896 1030 3961 vinculo
1050 3897 1154 3980 ipsum
1170 3895 1251 3960 Var-

89 4027 207 4071 ronem
240 4005 276 4066 et
304 4000 381 4065 illos
411 4000 601 4066 coniunctos
631 4001 744 4085 fuisse,
767 4003 883 4086 quibus
907 4003 1086 4068 honorifica
1109 4003 1250 4067 nominis

91 4110 317 4196 inscriptione
349 4107 590 4192 gratificaretur
626 4109 676 4173 vel
711 4109 853 4173 studium
888 4110 1116 4173 testificaretur
1150 4131 1251 4173 suum.

182 4343 210 4410 ⁸)
246 4335 448 4410 [Prooemium
483 4334 584 4390 Indicis
615 4337 773 4392 scholarum
805 4337 983 4393 hibernarum
1012 4337 1196 4391 Bonnensium
1225 4354 1250 4389 a.

92 4425 396 4487 ctolocccnxxxv
416 4427 447 4479 et
466 4422 628 4497 XXXXVL]

986 4516 1039 4569 26⁸
