2924 5046
274 123 553 171 numncrrouvu
577 123 876 172 csrvnnrsnssvu
901 124 1012 172 raras.
1146 108 1210 173 597

64 255 191 332 Quodsi
219 266 292 351 quis
319 266 401 331 illud
433 267 541 350 ipsum
569 269 715 349 expetat,
747 271 784 330 ut
811 289 876 330 non
904 265 1066 349 ‘quando'
1095 268 1214 351 potine,

61 387 169 450 quarn
199 371 254 437 ‘ex
286 371 367 458 quo'
400 373 520 438 amoris
553 372 701 436 miserias
733 373 826 458 virgo
859 396 957 456 passa
990 374 1047 455 sit,
1080 372 1214 457 dicatur,

57 494 172 563 coque
197 485 230 545 et
256 480 398 549 adsiduis
427 479 556 543 luctibus
583 483 617 542 et
643 480 746 562 quiqu
776 481 865 544 verbi
895 480 1060 544 notionem
1087 480 1214 545 flectere

53 579 235 669 instituat,
266 585 388 669 poterit
420 583 453 648 id
481 584 537 648 ille
571 584 701 667 quidem
732 583 818 648 haud
851 585 976 649 difficili
1007 587 1138 670 negotio
1168 587 1213 651 sic

51 691 223 775 consequi
255 695 292 756 ut
330 691 368 755 de
401 690 513 775 elapsa
544 691 586 754 ab
623 689 718 755 initio
750 690 866 754 vocula
898 692 1032 775 cogitet:
1074 692 1144 757 Itla
1170 714 1216 757 ca

47 799 252 879 tenapastata
276 819 367 879 qurum
387 821 443 861 -:
466 800 500 861 at
524 799 561 861 ut
584 797 652 860 eius
676 802 786 860 tamen
804 797 943 862 rationis
967 798 1057 862 nulls
1081 820 1213 882 prorsus

44 901 109 966 sit.
136 905 318 969 necessitas.
350 903 483 968 Etenim
502 903 659 988 amisere
678 902 825 968 desertae
840 903 1005 968 Ariadnae
1024 905 1212 969 condicione

42 1005 280 1075 describenda
316 1031 449 1074 exorsus
490 1013 588 1093 poeta
624 1032 709 1074 nunc
746 1011 905 1095 primum,
946 1033 1042 1094 quam
1083 1011 1214 1075 tandem

40 1134 216 1182 eamcam
245 1139 285 1181 ea
312 1116 484 1181 calamitas
513 1115 619 1180 omnis
648 1115 814 1199 habuerit,
842 1117 1033 1200 simpliciter
1062 1120 1094 1180 et
1121 1137 1215 1201 gene·

38 1224 169 1288 ratim
190 1224 237 1289 sic
259 1223 437 1307 significat:
462 1221 598 1307 ‘quippe
621 1223 653 1286 id
677 1227 747 1287 tum
771 1223 843 1305 fuit,
866 1246 939 1287 cum
958 1223 1079 1288 nobilis
1098 1223 1156 1286 illa
1180 1225 1215 1289 in

40 1322 200 1394 eroum
223 1330 363 1395 insulam
386 1331 529 1395 accessio
553 1329 640 1395 facta
659 1333 708 1394 est
731 1329 811 1394 duce
829 1330 953 1394 Theseo
961 1329 979 1393 ’.
1013 1330 1105 1413 Quid,
1129 1330 1213 1413 quod

39 1451 99 1497 ne
137 1438 214 1502 satis
237 1435 406 1501 commode
429 1435 573 1521 quidem,
601 1459 639 1501 ex
663 1458 727 1520 quo
755 1439 900 1519 ternpore
923 1437 958 1499 in
982 1437 1100 1501 amoris
1128 1437 1214 1501 furo·

41 1556 142 1606 reni
165 1543 257 1628 virgo
284 1541 465 1626 incidisset,
493 1543 560 1606 iam
587 1541 649 1606 hoc
677 1542 749 1606 loco
778 1542 949 1606 diceretur:
978 1543 1011 1606 id
1034 1543 1119 1607 enim
1142 1543 1213 1627 ipse

42 1652 167 1723 poeta
186 1648 300 1733 paullo
323 1650 398 1731 post
421 1647 549 1712 demum
574 1648 744 1731 exequitur
766 1648 840 1712 inde
864 1671 884 1711 a
906 1671 935 1711 v.
955 1649 1012 1713 85:
1043 1649 1145 1731 Atque
1167 1651 1214 1713 itu

44 1767 149 1820 aava
168 1756 225 1820 uu
247 1756 349 1819 uiteus
370 1774 407 1818 uc
429 1753 547 1819 uuidere
568 1755 657 1818 auris
675 1755 919 1836 Mupuuuiuuuu
936 1756 980 1818 ud
998 1756 1110 1820 Minoa
1132 1757 1214 1821 uenit

46 1860 205 1944 talesque
222 1859 377 1942 superbus.
408 1859 505 1924 Hunc
521 1860 616 1924 simut
633 1881 671 1924 uc
687 1861 795 1942 capedo
813 1861 968 1941 correpecit
991 1861 1106 1925 tumiue
1127 1861 1212 1942 sirpo

48 1958 169 2049 Reuss
172 2016 313 2047 ......
341 1966 416 2031 Nou
432 1967 526 2048 prise
547 1986 585 2030 aa
607 1966 660 2030 itte
687 1966 858 2047 fthuuutiu
880 1965 1043 2029 dectr'rrcuit
1064 1965 1212 2043 inimicia,

50 2086 164 2146 tuam
187 2079 294 2140 uncto
324 2074 457 2154 rcrwepit
482 2093 605 2154 empore
630 2071 805 2152 flammam,
836 2072 996 2136 Funditus
1023 2075 1113 2152 utque
1139 2072 1213 2137 imis

52 2181 184 2246 enauit
215 2183 280 2244 totu
310 2177 458 2243 medullis.
494 2176 632 2260 Parique
665 2197 797 2259 prorsus
829 2177 956 2241 ratione
989 2201 1008 2241 a
1039 2178 1144 2260 primo
1176 2178 1212 2240 in

52 2276 210 2350 insulam
236 2283 377 2349 adventu
408 2284 550 2367 primum
583 2282 616 2346 in
647 2283 738 2366 regia
769 2286 936 2366 aspectum
969 2284 1041 2366 ipsa
1068 2283 1266 2356 Ariadnam
1391 2326 1397 2335 ·

54 2383 272 2457 discriminat
300 2411 329 2455 v.
360 2391 422 2454 172
446 2411 528 2474 sqq:
569 2390 692 2454 utinum
722 2410 761 2452 ru
794 2394 924 2470 tcuqrcre
953 2391 1059 2470 priore
1092 2389 1212 2455 Guosiu

54 2489 229 2579 Cecropiae
259 2498 425 2579 tctipr'ssent
455 2495 549 2559 litora
574 2515 710 2577 puppes,
742 2494 898 2558 Indomita
925 2515 978 2558 uec
1009 2495 1081 2558 diro
1110 2495 1212 2575 fucas

53 2602 222 2684 dchardus
253 2609 343 2668 tauro
374 2602 517 2684 Perfidus
548 2602 583 2666 iu
614 2599 738 2665 Cretum
768 2600 924 2681 rcttqusect
953 2601 1061 2663 ucuita
1088 2601 1211 2681 sunem:

53 2701 142 2772 Nec
159 2710 257 2775 matus
278 2709 336 2792 tric,
359 2708 461 2773 cataras
482 2707 566 2771 dulci
588 2706 725 2769 crudelia
745 2705 850 2785 form
872 2703 1019 2782 Consilia,
1042 2706 1077 2769 iu
1098 2708 1212 2771 crustula

52 2816 227 2893 requiesce
257 2813 378 2879 utute
412 2813 526 2894 hospes.
571 2810 671 2875 Vides
703 2810 822 2897 sedatus
852 2810 989 2892 superbis
1021 2811 1142 2877 Minois
1177 2813 1211 2876 in

53 2918 178 2993 priore
203 2921 276 2986 loco
304 2918 498 3002 respondere
525 2919 560 2982 in
587 2917 649 2982 hoc
672 2921 793 2981 nostrus
815 2918 910 2982 sedes:
938 2939 1048 3000 parem
1076 2923 1113 2982 ut
1136 2940 1210 2982 con·

54 3018 261 3092 cinnitaum
289 3028 540 3097 consentaneum
569 3046 647 3088 sane
676 3023 822 3086 videatur
854 3023 939 3086 inter
967 3022 1087 3088 Gnosia
1119 3024 1211 3089 litora

55 3119 264 3199 intercedere
287 3135 320 3196 et
342 3133 453 3196 intueti
476 3133 555 3214 repis
573 3130 743 3213 Gortyuuce
766 3152 832 3193 non
855 3129 960 3213 aedes,
982 3130 1038 3193 sed
1061 3131 1210 3215 regiones

56 3223 99 3289 h.
136 3258 156 3301 e.
174 3262 238 3304 non
261 3243 351 3316 tectu,
378 3236 434 3302 sed
458 3237 583 3318 tenucla,
611 3236 643 3299 id
673 3236 758 3320 quod
783 3240 817 3301 et
843 3236 877 3300 in
905 3236 1097 3319 quibusdam
1124 3237 1210 3302 haud

60 3341 304 3411 malae-notae
336 3342 429 3407 libris
458 3365 535 3407 mss.
566 3348 731 3427 repertum
765 3344 830 3424 est,
862 3346 895 3405 et
926 3365 964 3405 ex
997 3347 1093 3420 tortu,
1125 3344 1211 3425 quod

62 3431 284 3515 Sanunianus
309 3472 383 3514 cum
406 3449 534 3514 Datano
557 3449 782 3531 prodiderunt,
809 3447 955 3531 profecto
979 3470 1045 3512 non
1068 3449 1105 3511 fit
1128 3449 1211 3512 diffi-

64 3542 165 3618 eilius
193 3579 292 3642 quam
330 3555 403 3620 inde
435 3557 476 3620 ab
509 3555 650 3647 editione
687 3555 832 3638 principe
853 3554 1044 3637 propagari
1077 3554 1210 3618 solitum

66 3648 157 3723 tectu
192 3662 240 3727 Vt
266 3683 308 3725 ne
336 3683 416 3744 opus
444 3663 575 3747 quidem
603 3662 646 3726 sit
677 3664 934 3746 permutatorum
962 3660 1047 3723 inter
1074 3681 1108 3724 se
1136 3665 1211 3723 tectu

67 3753 105 3861 Pi
131 3766 237 3852 usqu
259 3767 428 3832 nominum
452 3768 621 3851 exemplis,
644 3768 753 3851 qualia
776 3765 985 3867 suppeditant
1003 3764 1209 3830 Burmannus

65 3872 103 3919 ¹¹¹
129 3863 214 3939 Puer
237 3872 296 3937 lat.
319 3871 395 3936 min.
418 3873 481 3937 vol.
500 3872 533 3936 ΙΙ
556 3895 586 3956 p.
608 3873 670 3937 189
690 3895 750 3956 sq,
774 3871 1007 3936 Wakefieldius
1031 3872 1065 3936 in
1083 3870 1209 3936 Lucret

61 3951 108 4041 Π»
131 3974 183 4046 28.
211 3980 257 4045 Et
274 3979 444 4044 tutabatur
466 3979 500 4042 in
525 4001 583 4044 suo
602 3979 686 4043 libro
706 3982 867 4062 repertam
886 3977 998 4059 templu
1017 3975 1209 4059 scripturam

58 4053 224 4165 I⁰flephus
251 4083 398 4168 Scaliger
426 4084 487 4149 hac
515 4083 736 4148 adnotatione:
769 4083 876 4158 ‘Quod
903 4083 1062 4161 ἀρχαϊκῶς
1089 4082 1209 4151 dictum

55 4161 101 4228 ab
137 4187 208 4259 illo.
249 4214 328 4258 nam
359 4191 471 4257 omnia
501 4190 574 4256 loca
605 4188 729 4274 templa
759 4188 922 4258 vocabant
953 4190 1086 4255 veteres.
1126 4187 1210 4258 Vide
