2924 5046
176 306 242 370 386
598 322 645 368 un
669 322 703 368 n.
727 322 901 369 vnnnours

176 464 345 528 universus
374 463 658 546 comprehenditur
685 464 740 547 qui
767 486 833 528 non
861 464 901 528 ad
930 486 1040 547 aures,
1073 465 1129 528 sed
1157 466 1201 529 cd
1221 485 1272 530 ceu

169 573 311 655 pertinet,
335 569 454 633 ibidem
477 591 542 633 non
566 569 644 633 item
670 591 726 653 pcr
749 573 859 656 partes
884 592 960 633 suas
984 568 1183 654 descriptum
1206 594 1272 655 rep<

176 685 260 761 mus,
288 678 344 741 sed
371 675 481 758 potius
510 676 611 757 lepido
632 678 783 757 quaedam
805 680 977 740 marzorota
999 681 1028 740 ct
1050 679 1173 760 capuita
1197 676 1249 763 (ut

135 802 161 841 cc
175 783 209 847 iu
233 782 412 866 praemisso
436 788 626 867 argumento
647 783 778 867 capitis)
798 805 836 847 ex
855 805 894 847 ea
912 782 1064 848 delibata
1103 782 1187 848 Sunt
1205 790 1272 849 aua

175 912 212 953 ex
231 889 379 954 Varrone
402 893 439 952 ut
462 894 599 973 apparet
622 893 781 973 excerpta,
804 889 896 954 haec:
920 886 1038 973 ὀπτικὴ
1061 891 1141 971 facit
1157 891 1259 955 rnaltu

174 997 321 1060 carendo
342 997 378 1060 id
395 1017 499 1078 penas,
521 1002 557 1060 at
578 997 754 1078 carpana
776 1017 838 1060 auo
861 997 1012 1079 occup-ines
1033 991 1130 1062 iunius
1151 998 1199 1062 rei
1216 998 1272 1079 plu

173 1107 363 1184 appareant:
394 1104 465 1167 item
492 1108 527 1166 ut
554 1104 709 1184 maelium
736 1104 771 1166 ia
797 1103 859 1166 loco
882 1109 960 1167 certo
977 1105 1117 1185 positum
1138 1103 1222 1168 nihii
1244 1106 1272 1168 in

170 1210 263 1291 pinet,
286 1210 436 1273 aliorsum
460 1210 647 1273 translatum
668 1211 767 1289 sociat
789 1211 956 1292 inmpincs:
984 1212 1065 1294 item,
1087 1212 1116 1274 si
1137 1216 1272 1293 recines

172 1316 275 1380 arium
297 1320 419 1397 sprcctcs,
445 1317 546 1399 imepo
568 1317 627 1397 fiac
649 1321 703 1379 trra
726 1316 918 1394 ircrirrsmodi,
946 1321 981 1379 ui
1003 1322 1095 1397 caput
1116 1318 1259 1382 (norsum

171 1422 293 1504 <carim
317 1423 407 1503 pedes
436 1443 570 1487 sursum.
606 1424 706 1487 reddit
731 1423 824 1486 etiem
854 1442 980 1486 cariscos
1001 1443 1036 1485 cu
1060 1423 1241 1505 dicendine,
1267 1453 1272 1487 i

171 1530 249 1592 istac
278 1549 395 1610 pinque
422 1530 552 1594 cisicncs
580 1529 709 1612 fulloni,
740 1533 788 1605 nt,
819 1549 897 1609 qcrcc
920 1530 955 1592 in
977 1550 1060 1610 curra.
1082 1532 1272 1612 conspicium

173 1635 296 1698 rrroiora
322 1637 366 1699 od
390 1635 491 1700 oculos
517 1636 611 1719 fiant,
642 1656 720 1717 quac
745 1635 856 1716 procul
883 1635 920 1698 ab
947 1636 1044 1699 carl-is
1070 1642 1156 1713 arnt,
1188 1639 1272 1703 ariao

172 1740 218 1805 Et
241 1741 319 1805 hacc
343 1743 471 1825 quidem
495 1742 535 1805 ad
559 1764 632 1805 eam
656 1742 798 1824 opticam
817 1742 989 1824 pertinent,
1013 1764 1111 1825 qnam
1129 1742 1191 1806 hac
1211 1766 1272 1828 app

173 1848 294 1914 latione
321 1870 380 1912 nos
410 1870 536 1934 quoque
564 1848 659 1912 hodie
687 1849 876 1912 vocitamus.
923 1847 951 1910 Α
976 1846 1184 1912 Varroniano
1211 1856 1272 1914 aut

173 1956 302 2034 ὀπτικῆ(
325 1956 459 2019 notione
483 1978 547 2020 non
572 1956 730 2020 aliemcra
753 1978 792 2019 ca
814 1959 903 2036 sunt,
927 1977 1009 2039 quae
1032 1955 1165 2038 proprio
1190 1978 1272 2020 nom

173 2061 279 2126 dictae
311 2062 508 2145 geometriae
542 2083 561 2125 a
593 2062 687 2126 nobis
717 2062 906 2126 tribuuntur
935 2060 974 2124 ad
1003 2061 1108 2125 lineas
1136 2066 1169 2126 et
1199 2064 1272 2147 figur

173 2169 363 2250 spectantia.
400 2166 480 2230 Eius
504 2166 551 2230 rci
574 2166 739 2230 luculento
758 2165 950 2230 documento
970 2170 1021 2229 est
1040 2165 1137 2230 Gellii
1157 2174 1256 2251 caput

172 2273 249 2337 libri
272 2274 298 2356 Ι,
321 2275 410 2339 cuius
435 2274 536 2338 multo
559 2273 655 2356 plura
678 2270 721 2336 ex'
736 2271 883 2337 Varrone
907 2272 1011 2354 petita
1034 2294 1105 2335 csse
1129 2297 1272 2357 persuasi

172 2379 342 2462 habemus,
370 2402 466 2464 quam
495 2401 576 2463 qnae
607 2378 647 2442 ad
671 2400 744 2442 eum
767 2378 963 2442 nominatim
987 2379 1180 2446 referuntur.
1226 2381 1272 2458 Qu

171 2486 300 2570 quidem
330 2487 403 2570 ipss
430 2486 515 2549 ratio
544 2484 677 2567 planum
701 2484 794 2566 iacit,
825 2507 888 2569 qua
911 2483 1069 2549 Varronis
1093 2487 1272 2553 testimonii

35 2624 44 2637 ι
171 2616 241 2657 cum
266 2593 389 2677 reliqua
412 2591 634 2675 disputatione
656 2591 705 2654 ita
728 2591 920 2672 conectitur,
944 2596 980 2656 ut
1003 2614 1044 2655 ne
1068 2614 1164 2675 posse
1190 2594 1272 2679 quid<

171 2706 306 2784 utraque
328 2722 403 2784 pars
423 2699 521 2763 certis
540 2697 658 2761 finibus
678 2696 784 2760 dirimi
804 2697 967 2762 videatur:
991 2721 1054 2781 quo
1075 2701 1210 2783 accedit,
1233 2723 1272 2785 qu

171 2803 312 2870 Gellium
336 2806 417 2869 satis
441 2805 508 2869 iam
531 2803 747 2886 comperimus
763 2803 1019 2887 Disciplinarum
1038 2806 1140 2870 libros
1160 2782 1272 2873 suiad

171 2914 211 2977 lis
240 2934 411 2996 usurpasse
440 2933 478 2975 cx
506 2912 609 2996 iisque
637 2933 704 2976 non
727 2933 830 2994 pauca
854 2911 919 2975 alia
941 2913 990 2976 vcl
1014 2914 1117 2977 tacito
1141 2914 1192 2977 vcl
1214 2927 1272 2979 nor

169 3019 274 3083 natim
301 3019 548 3102 deprompsisse.
594 3015 697 3081 Simul
726 3022 834 3081 autem
862 3040 901 3081 ex
933 3019 991 3082 iilo
1020 3019 1127 3101 capite
1151 3042 1272 3085 commo

170 3147 242 3207 cum
271 3125 333 3190 hoc
360 3126 566 3210 perspicitur,
596 3148 661 3210 quc
691 3125 867 3208 partitione
895 3125 1007 3205 ὀπτικὴ
1037 3126 1080 3189 sit
1108 3126 1143 3189 in
1167 3128 1272 3191 ἐπιπεῖ

170 3232 299 3310 μετρίαν
323 3229 388 3316 (vel
413 3230 642 3318 ἰχνογραφίαν)
667 3237 700 3296 et
723 3234 963 3312 (τερεομετρίαν
987 3233 1100 3311 divisa,
1123 3255 1221 3317 quam
1244 3256 1272 3317 pc

170 3338 321 3402 titionem
345 3338 445 3402 ctiam
468 3337 651 3403 Marcianus
675 3339 768 3402 novit
790 3336 837 3402 VI
861 3361 891 3421 p.
911 3340 985 3421 228,
1008 3345 1078 3402 tum
1102 3362 1168 3423 qna
1191 3342 1272 3407 ratic

170 3445 387 3529 geometricae
411 3467 483 3510 cum
503 3445 720 3510 arithmeticis
740 3446 922 3509 rationibus
942 3446 1087 3528 copulari
1107 3447 1174 3511 sint
1193 3448 1272 3512 solit

169 3551 220 3616 En
244 3552 344 3637 igitur
367 3552 532 3636 integrum
556 3557 662 3635 caput.
707 3552 902 3634 Fipuroram
924 3572 1002 3633 quae
1030 3552 1181 3635 σχήματα
1200 3576 1272 3637 poen

169 3664 235 3723 troc
252 3652 418 3742 aprilisii-t,
432 3679 544 3741 parere
563 3664 636 3723 arni
653 3660 722 3736 dico,
735 3659 869 3740 planant
888 3664 916 3722 ct
932 3659 1074 3723 soi-idum.
1106 3660 1180 3726 dioec
1193 3663 1272 3745 ipcij

168 3769 240 3828 curet
253 3765 408 3828 ἐπίπεδον
423 3761 478 3827 καὶ
493 3761 637 3851 στερεόν.
655 3767 790 3846 planum
803 3770 846 3829 cst
863 3767 945 3846 quod
962 3767 995 3829 in
1010 3767 1089 3830 circos
1096 3771 1204 3849 porris
1215 3770 1272 3834 scir

169 3872 267 3936 liaeus
283 3871 379 3955 tradet,
401 3893 463 3952 quo
481 3872 579 3936 Ictum
597 3877 641 3937 est
657 3877 686 3935 et
704 3893 766 3953 qno
784 3872 925 3953 inntens:
948 3873 1055 3953 qualia
1073 3879 1148 3938 suat
1165 3877 1272 3957 incunt

168 3982 197 4041 ct
223 3979 378 4059 qiuuraa
409 3999 487 4059 quoe
517 3980 552 4043 io
583 4000 657 4042 orco
688 3979 769 4059 fiant
795 3980 862 4043 sinc
887 3980 1060 4043 altitudine.
1103 3981 1272 4047 solidetur

167 4086 290 4166 ociando
325 4106 388 4150 non
423 4086 627 4168 turpitudines
658 4086 746 4149 modo
778 4090 806 4149 ct
837 4086 1015 4150 latitudines
1040 4086 1162 4168 panae
1190 4106 1272 4169 Μ,

168 4192 321 4257 'lineorum
348 4193 498 4274 efficiunt,
526 4195 579 4257 sed
604 4194 697 4257 ctiam
723 4193 872 4257 extollunt
893 4192 1088 4258 altitudines:
1113 4194 1223 4277 quoda
1240 4214 1272 4271 a

165 4299 262 4377 serore
292 4303 389 4363 cretae
418 4299 591 4381 trionpuloc
620 4319 698 4380 pros
722 4299 907 4380 prpomidcs
932 4297 1148 4385 appellum

166 4408 240 4465 scint
260 4406 415 4485 qrradroto
435 4406 570 4486 undique
590 4427 669 4487 pieac
690 4400 815 4487 κύβους
836 4403 896 4483 ali,
916 4422 975 4471 noe
993 4422 1044 4487 qr*
