2924 5046
511 333 589 380 srva
615 334 861 381 isannouanvn
886 335 990 380 uram.
1101 395 1111 415 x
1256 320 1319 383 519

136 477 294 540 bantur
323 473 468 561 (quando
490 475 532 539 ab
556 474 674 559 Orphei
698 476 824 540 Musaei
848 477 958 542 Olenis
983 481 1015 541 et
1039 478 1193 541 similium
1218 480 1319 543 nomi·
1444 469 1446 472 ’

132 582 268 648 nibus
301 582 413 665 ordiri,
444 581 587 646 desinere
615 583 649 646 in
679 584 859 667 pleiadibus
885 585 1175 650 Alexandrinorum
1199 585 1319 670 potuit)

134 695 200 753 et
225 689 403 770 decimum,
432 709 494 772 quo
519 687 701 771 architecti,
726 691 781 753 sed
805 695 892 754 certo
916 714 981 754 uon
1005 691 1074 773 soli,
1098 695 1245 774 apertum
1269 696 1319 755 est

133 795 316 859 medium
349 794 488 878 aliquem
521 795 627 858 locum
660 795 873 879 philosophos
906 797 1101 879 obtinuisse,
1134 819 1150 859 e
1183 820 1317 880 quorum

131 900 374 966 hebdomade
401 900 523 965 Graeca
546 900 811 985 Pythagoram
836 901 1039 966 Platonem
1063 904 1317 968 Aristotelem

138 1005 388 1092 Symmachus
417 1006 693 1071 commemoravit:
726 1028 820 1089 quem
849 1006 954 1070 locum
986 1009 1198 1090 obtinuerint,
1229 1010 1316 1075 nullo

140 1114 293 1179 indicio
316 1118 416 1198 patet.
453 1112 574 1190 Quodsi
597 1119 710 1196 poetas
730 1117 879 1198 exceptos
901 1138 968 1178 esse
989 1139 1008 1179 a
1026 1137 1139 1198 prosae
1159 1115 1315 1180 orationis
1398 1141 1402 1148 ¹

146 1219 386 1304 scriptoribus
411 1220 576 1302 statueris,
606 1220 785 1302 historicis,
815 1220 1032 1305 philosophis,
1063 1221 1245 1285 oratoribus
1269 1221 1359 1304 (etXI

148 1326 204 1390 in
229 1326 417 1392 oratoribus
441 1327 503 1391 nisi
527 1326 669 1391 fallimur
688 1325 910 1390 Demetrius
930 1327 1015 1412 fuit),
1040 1334 1089 1392 est
1107 1328 1168 1392 hoc
1187 1328 1315 1412 quidem

151 1433 253 1497 satis
286 1432 389 1497 simile
420 1434 500 1517 veri,
530 1434 586 1498 sed
615 1433 760 1516 profecto
788 1457 854 1498 non
878 1440 927 1498 est
951 1436 1030 1499 satis
1055 1434 1094 1498 ad
1118 1439 1167 1498 ter
1191 1437 1315 1516 septem

146 1536 388 1604 hebdomadas
412 1538 567 1604 librorum
590 1539 647 1604 IV.
670 1539 726 1604 Vl.
751 1539 829 1604 VIll
856 1542 1074 1625 complendas:
1103 1546 1139 1605 ut
1163 1542 1196 1605 in
1220 1540 1314 1606 Grae-

147 1646 216 1710 cis
241 1667 326 1710 nunc
345 1645 561 1710 subsistamus
576 1645 858 1730 Romanorumque
878 1647 912 1710 in
931 1646 992 1711 hoc
1011 1668 1127 1731 genere
1147 1647 1314 1731 penuriam

148 1771 210 1817 11e
234 1774 383 1818 curemus
408 1751 545 1835 quidem.
591 1752 659 1817 Nec
683 1752 764 1817 satis
788 1757 925 1835 prosunt
948 1753 1099 1817 artifices:
1124 1753 1314 1836 sculptores,

153 1859 360 1943 scalptores,
384 1858 570 1938 caelatores,
594 1859 719 1942 plastae
744 1859 774 1923 h.
794 1880 820 1922 e.
844 1860 972 1923 fictores
992 1857 1034 1942 (si
1054 1858 1149 1922 modo
1168 1862 1236 1921 tam
1256 1857 1313 1920 mi·

151 1965 310 2029 nutatim
334 1965 522 2029 distinctum
545 1964 623 2048 cst),
646 1965 797 2049 pictores,
822 1966 945 2046 musici,
968 1965 1150 2047 saltatores,
1174 1967 1312 2028 actores:

155 2072 224 2154 qui
266 2071 336 2136 sive
373 2072 487 2136 sociati
524 2092 598 2135 cum
635 2071 822 2135 architectis
860 2072 926 2135 sive
963 2093 1029 2134 non
1065 2070 1180 2134 sociati
1217 2069 1312 2140 unius

154 2173 244 2242 libri
276 2176 308 2242 h.
341 2199 367 2241 e.
402 2181 526 2261 septem
559 2175 796 2241 hebdomadum
830 2176 988 2241 ambitum
1021 2177 1074 2240 vix
1107 2177 1312 2241 excedebant

159 2280 237 2349 Nec
271 2283 346 2367 plus
382 2304 479 2367 quam
511 2283 606 2347 unius
638 2282 849 2347 hebdomadis
883 2285 1024 2367 spatium
1056 2283 1169 2349 medici
1202 2305 1312 2367 posce-

159 2390 258 2455 bant
306 2389 394 2467 Quos
422 2410 533 2454 omnes
556 2389 687 2453 tametsi
710 2389 805 2453 facile
829 2391 987 2454 eredimus
1010 2411 1076 2453 non
1099 2394 1174 2473 post
1192 2389 1312 2453 librum
1391 2404 1394 2410 ’

161 2498 328 2563 decimum
369 2492 456 2580 (sive
497 2496 714 2560 adnumeratis
751 2497 906 2561 Romanis
948 2494 1168 2581 undecimum)
1206 2495 1312 2559 locum

159 2603 329 2669 invenisse
374 2625 481 2688 suum,
525 2602 581 2666 sed
623 2603 716 2669 illum
758 2604 973 2686 praecessisse
1010 2604 1135 2686 potius:
1173 2640 1215 2648 —
1252 2625 1311 2666 nec

163 2712 255 2775 enim
285 2709 469 2775 architectis
499 2709 665 2773 commode
688 2710 854 2793 praemitti
879 2731 985 2794 reges,
1013 2711 1237 2792 imperatores,
1264 2710 1311 2773 rei

163 2816 318 2902 publicae
348 2815 507 2898 gerendae
537 2815 699 2899 principes
731 2819 919 2898 potuerunt,
949 2815 1144 2879 nechoram
1170 2816 1308 2879 ubertat'

162 2922 447 3008 splendidissimae
476 2942 662 2985 concessum
692 2927 767 3005 post
789 2921 908 2985 librum
934 2920 1134 2985 undecimum
1159 2927 1311 3006 quattuor

159 3030 323 3093 librorum
356 3027 497 3110 spatium
530 3029 628 3092 etiam
661 3029 693 3092 in
727 3029 828 3092 artius
862 3029 1051 3092 contrahere
1085 3030 1227 3092 animum
1263 3030 1309 3093 in·

161 3135 278 3207 duces:
305 3140 481 3198 —tamen
509 3134 549 3197 ad
579 3138 629 3197 tot
658 3134 894 3198 hebdomadum
925 3134 1138 3218 capacitatem
1168 3138 1203 3197 ut
1231 3135 1309 3199 satis

163 3241 322 3306 materiae
346 3239 567 3322 conquiratur,
597 3238 730 3303 omnino
753 3262 818 3303 non
843 3241 950 3304 estin
974 3241 1155 3305 litterarum
1179 3241 1310 3304 artium·
1413 3310 1415 3314 y

163 3370 227 3433 que
259 3345 436 3410 luminibus
470 3345 721 3428 subsistendum,
755 3346 810 3410 sed
839 3346 960 3430 aliquid
989 3348 1167 3430 copiarum,
1197 3346 1246 3410 vel
1275 3349 1311 3410 ut

164 3455 272 3519 verius
297 3452 450 3533 dicamne,
473 3451 755 3534 aliquammultum
779 3452 876 3534 longe
901 3452 973 3514 aliis
997 3474 1013 3515 e
1032 3452 1210 3515 recessibus
1231 3452 1309 3516 asci-

165 3560 328 3626 scendum.
369 3558 482 3641 quue
505 3556 586 3620 illud
609 3556 715 3640 ipsum
740 3561 865 3639 spectat
883 3557 967 3640 quod
988 3557 1167 3621 Varronem
1186 3557 1309 3620 Plinius

166 3667 248 3731 dixit
288 3664 566 3748 septingentorum
604 3663 735 3746 aliquo
772 3662 882 3727 modo
919 3663 1104 3727 inlustrium
1141 3663 1308 3725 hominum

164 3772 324 3857 imagines
353 3770 581 3854 composuisse.
628 3769 716 3845 Quae
739 3770 828 3833 notio
853 3773 1008 3852 quantam
1032 3791 1185 3852 generum
1211 3768 1309 3831 varie-

166 3884 267 3944 tatem
296 3878 448 3942 admittat
480 3880 517 3941 ut
543 3875 576 3939 in
606 3879 717 3959 aperto
743 3878 804 3957 est,
833 3876 879 3938 ita
903 3874 1013 3938 licebit
1035 3876 1174 3952 fortasse
1199 3873 1308 3957 paullo

167 3985 349 4050 distinctius
378 3985 450 4067 ipso
480 3983 558 4047 duce
582 3982 687 4046 Plinio
718 3982 858 4045 definire.
905 3980 999 4044 Hunc
1028 3982 1114 4045 enim
1143 4002 1215 4043 curn
1244 3981 1309 4043 iam

168 4114 264 4175 supra
289 4092 464 4156 viderimus
488 4092 642 4174 quattuor
665 4111 703 4152 ex
728 4092 852 4171 septem
876 4086 1088 4152 Varronianis
1114 4084 1308 4150 architectos

167 4197 249 4261 libro
274 4219 332 4262 suo
356 4197 495 4280 septimo
518 4196 700 4278 nominare,
729 4195 789 4258 hcc
813 4199 862 4257 est
886 4216 922 4258 eo
948 4194 1033 4257 libro
1057 4215 1119 4276 quo
1144 4196 1309 4274 tamquam

168 4303 277 4368 florem
302 4305 428 4388 generis
452 4301 586 4366 humani
609 4302 723 4365 libavit
747 4298 862 4384 (ipsius
886 4301 985 4364 verba
1005 4303 1024 4379 ξ
1048 4300 1108 4363 123
1129 4296 1308 4385 imitamur)

170 4414 200 4474 et
222 4409 376 4496 quicquid
399 4410 507 4494 aliquo
531 4408 626 4472 modo
651 4407 860 4472 memorabile
883 4407 918 4471 in
940 4406 1099 4492 fingendis
1122 4403 1308 4468 hominibus
