2924 5046
136 298 201 363 328
408 312 648 373 ouvsnsrrouns
672 309 1010 360 ononirouooman.

135 458 326 535 Πολέμων
349 455 518 539 Polemo:
541 453 636 518 miles
660 453 843 517 comoediae
866 456 953 517 teste
971 449 1103 517 Donato
1126 450 1168 517 ad
1189 451 1280 517 Adel-

181 562 269 648 phon
293 561 317 646 l,
344 566 371 646 1,
397 565 423 626 1.

137 669 518 748 *Πολτοφαγωνίδηε
545 665 897 751 Pultiphagonides
925 663 1284 751 (Pvmnroomnasp

184 775 323 857 septimo
352 774 480 838 demum
508 772 637 838 saeculo
660 796 690 836 u.
714 793 739 838 c.
766 772 951 837 ioculariter
974 774 1085 837 fictum
1108 793 1229 838 nomen
1252 771 1286 836 in

182 881 318 965 prologo
347 881 482 946 Poenuli
509 903 539 947 v.
562 881 619 946 54:
652 879 756 963 quode
783 878 849 943 dixi
878 878 1042 965 Parergon
1064 884 1087 945 t.
1110 881 1127 944 I
1154 902 1188 964 p.
1212 881 1287 946 205.

183 987 253 1064 Quo
276 988 406 1053 nomine
430 986 491 1051 etsi
514 987 668 1052 credibile
692 989 742 1049 est
765 985 807 1049 ad
824 986 961 1050 latinum
973 988 1072 1068 pultis
1090 987 1289 1053 vocabulum

182 1093 312 1177 respici,
340 1098 463 1176 tamen,
486 1114 558 1156 cum
581 1093 615 1156 in
638 1095 792 1177 promptu
816 1092 859 1156 sit
881 1113 1033 1176 graecum
1056 1092 1194 1178 πόλτοε,
1222 1116 1290 1158 non

183 1203 233 1265 ost
255 1200 402 1264 hibridac
426 1199 513 1263 vocis
537 1198 604 1263 ulla
626 1199 812 1263 necessitas.
857 1197 966 1263 Prima
989 1199 1117 1284 syllaba
1138 1222 1162 1265 ιι
1186 1222 1248 1285 pro
1270 1222 1291 1265 ο

183 1307 306 1391 recepit
328 1311 365 1370 ut
387 1306 422 1369 in
441 1304 726 1389 Bumbomachides,
750 1304 888 1369 secunda
912 1307 923 1369 i
946 1310 984 1370 ut
1006 1305 1041 1369 in
1059 1305 1218 1389 Demipho
1241 1329 1292 1373 ce·

184 1413 326 1497 terisque
349 1412 506 1496 exemplis
530 1434 628 1495 supra
651 1411 840 1497 compositis
865 1413 925 1477 sub
950 1412 1151 1492 Καλόδωροι.

140 1520 430 1599 Πολυβαδίεκοε
462 1518 745 1602 Polybadisc-us
778 1516 1087 1604 (Ponvnsmscvs):
1124 1521 1292 1587 Astrabae

184 1625 358 1690 Plautinae
387 1647 481 1689 versu
510 1625 594 1709 apud
618 1624 799 1690 Varronem
822 1625 861 1689 de
884 1625 904 1689 l.
927 1628 983 1691 lat.
1007 1625 1069 1710 VI,
1094 1627 1135 1690 73
1160 1628 1292 1693 restitu-

184 1739 255 1798 tum
286 1732 502 1816 aSoaligero.
548 1729 649 1796 Cuius
672 1731 813 1796 nominis
837 1732 998 1797 rationem
1020 1755 1087 1798 non
1110 1733 1235 1799 habere
1259 1756 1294 1800 so

188 1841 242 1925 qui
267 1839 347 1904 satis
371 1837 543 1923 expediret,
565 1837 792 1903 Lachmannus
814 1839 922 1903 fassus
945 1842 996 1904 est
1013 1838 1118 1905 Musei
1136 1840 1293 1906 Rhenani

186 1948 227 2011 ab
260 1945 429 2010 Welckero
457 1943 647 2029 Naekioque
680 1945 758 2009 editi
790 1949 813 2009 t.
839 1943 885 2009 VI
913 1968 944 2028 p.
975 1947 1047 2011 120.
1096 1946 1146 2010 'Pu
1181 1947 1294 2012 videas

187 2075 268 2137 quae
299 2053 334 2116 in
357 2052 429 2115 Act.
458 2073 521 2115 soc.
548 2051 660 2134 philol.
685 2050 771 2134 Lips.
799 2055 877 2115 tom.
901 2050 947 2116 VI
971 2075 1001 2135 p.
1024 2053 1090 2118 368
1122 2056 1239 2137 [supra
1261 2077 1291 2139 p.

66 2189 70 2197 ·
190 2159 252 2223 190
268 2161 327 2242 sq]
353 2158 501 2242 exposita
524 2162 607 2222 sunt.
919 2184 921 2188 ·

147 2263 468 2330 *l'loluulodcroc
499 2263 751 2347 Polyplusius
782 2262 1067 2349 (Ponvrnvswslz
1100 2270 1197 2348 pater
1225 2264 1294 2330 nli-

189 2371 296 2435 densis
310 2371 506 2453 Polyplusius
522 2370 785 2453 Theodoromedes,
804 2371 1018 2454 Captivorum
1027 2370 1068 2454 V,
1082 2373 1113 2455 2,
1127 2371 1172 2436 20
1182 2370 1294 2458 (973),

189 2476 411 2560 cf.11,2‚27
436 2475 530 2560 (277)
552 2477 769 2560 Polyplusium
794 2497 899 2559 penus.
945 2477 1096 2543 Imitatus
1120 2482 1172 2543 est
1195 2483 1295 2563 posta

188 2584 328 2649 nominis
352 2583 617 2670 cognominisqus
641 2583 830 2648 sociotatem
855 2585 954 2648 moris
978 2584 1127 2650 Romani.

143 2689 485 2778 l'lrolepoupdreru
503 2689 823 2756 Ptolemocratia:
847 2690 1005 2775 sacerdos,
1025 2690 1187 2757 liudentis
1201 2690 1245 2776 ΙΙ,
1262 2693 1294 2777 5,

190 2800 233 2864 24
251 2795 355 2883 (481).
389 2797 451 2877 [De
475 2800 623 2879 correpta
646 2796 847 2880 paenultima
865 2798 904 2862 ef.
923 2797 1151 2864 Lachmannus
1171 2799 1213 2865 ad
1232 2798 1294 2864 Lu·

190 2909 267 2970 eret.
291 2927 322 2987 p.
345 2905 406 2969 159
427 2908 460 2968 ct
479 2903 516 2968 G.
537 2900 668 2968 Curtius
691 2903 725 2967 in
748 2904 839 2968 relat.
864 2926 926 2969 soc.
951 2904 1068 2970 Saron.
1090 2906 1177 2971 1864
1200 2928 1232 2989 p.
1250 2905 1294 2986 5.]

189 3010 436 3088 Πολεμοκρατία
467 3010 551 3073 idem
586 3031 705 3075 nomen
734 3010 890 3094 scriptum
919 3014 969 3075 est
995 3011 1079 3094 apud
1107 3011 1296 3095 Appianum

191 3119 221 3183 b.
245 3117 302 3181 civ.
325 3114 382 3199 IV,
407 3116 458 3180 75.

147 3222 508 3302 *Πυργοπολινίκηε
524 3221 848 3308 Pyrgopolinices
860 3221 1218 3312 (Pvuooromrrcssa
1237 3227 1297 3291 mi·

191 3330 238 3393 les
261 3327 378 3393 Militis
403 3328 546 3413 gloriosi.
592 3328 809 3411 Exspectatur
831 3327 1088 3412 Pyrgopoliaicus
1111 3330 1239 3415 potius,
1261 3336 1299 3396 ut

192 3436 227 3500 in
255 3435 370 3500 ceteris
396 3457 497 3519 prope
521 3433 671 3500 omnibus
696 3456 778 3519 quse
802 3457 822 3498 a
845 3435 913 3515 νίκη
937 3435 988 3499 κοί
1012 3438 1102 3501 νικᾶν
1126 3435 1299 3503 ducuntur.

193 3542 301 3608 Facile
334 3542 434 3627 igitur
462 3545 555 3626 putes
586 3542 625 3606 ad
657 3541 903 3606 similitudinem
931 3543 1181 3627 adiectivorum,
1216 3565 1300 3628 quae

193 3653 270 3714 sunt
292 3647 534 3728 Ὀλυμπιονίκῃ(
557 3647 750 3728 Πυθιονίκη(
774 3650 964 3729 Νεμεονίκη(
988 3648 1201 3730 Ἰεθμιονίκηε,
1234 3651 1301 3717 fac·

192 3761 262 3821 tum
287 3778 406 3821 nomen
431 3776 511 3838 esse,
534 3754 599 3819 nisi
623 3758 732 3819 tamen
753 3755 851 3820 etism
870 3760 1031 3821 certorum
1051 3756 1136 3821 inter
1154 3756 1302 3828 Graecos

192 3860 359 3926 hominum
388 3861 557 3945 proprium
580 3859 772 3940 Πυθιονίκη(
801 3864 943 3926 exstaret
968 3862 1048 3928 locis
1077 3860 1303 3930 aBsnselero

194 3968 316 4033 allatis:
339 3990 433 4051 quem
458 3968 498 4032 ad
522 3967 652 4032 modum
676 3968 777 4032 altera
801 3974 949 4051 exparte
969 3967 1301 4048 ὈλυμπιόνικοοΠυ·

195 4075 334 4141 θιόνικο(
363 4075 461 4140 etiam
488 4097 547 4159 pro
576 4075 745 4139 adiectivis
773 4076 871 4141 fuisse
895 4079 1033 4143 constat.
1078 4077 1149 4152 Quo
1174 4078 1305 4144 accedit

194 4186 231 4245 ut
262 4183 357 4247 facile
389 4183 537 4249 credatur
567 4186 665 4266 poeta
694 4183 734 4246 ad
762 4182 898 4248 celebris
925 4184 1125 4263 Πολυνείκη(
1152 4185 1303 4250 nominis

196 4310 310 4353 sonum
334 4288 475 4353 alludere
498 4289 650 4354 voluisse.

151 4395 297 4462 Πυθιάς
331 4392 494 4481 Pythias
527 4391 700 4480 (l‘vms):
733 4393 853 4459 ancilla
879 4393 1044 4482 Eunuchi3
1074 4432 1111 4442 -
1142 4398 1302 4465 meretrix
