2924 5046
190 126 256 190 226
581 146 617 192 in
641 145 752 192 visan
776 144 941 193 rnnsnru

278 283 490 349 Gravioribus
518 286 623 350 turbis
651 288 800 370 proxima
824 288 940 351 affecta
963 294 1047 353 sunt
1092 288 1239 365 Quorum
1261 307 1375 354 cu-:

189 391 269 455 haec
297 396 382 456 esset
412 393 444 456 in
473 392 567 456 libris
595 394 732 458 noviciis
761 395 895 478 speeies:
928 396 1002 458 dum
1029 415 1061 459 sc
1087 396 1193 458 amari
1219 395 1260 459 ab
1287 395 1375 460 l-

188 499 283 562 credit
303 499 404 563 crebro
427 501 462 563 ie
485 499 633 564 αῑὸαηαηι
655 502 728 582 rapi
749 502 793 565 od
812 501 920 581 [laem
942 501 1051 564 aetatis
1073 521 1148 565 suae
1166 502 1246 583 ipsis
1268 499 1303 586 (v

187 601 288 689 ἰ’ρᾶαε)
316 605 446 668 sublatis
473 605 562 669 rebus
589 607 632 668 ad
657 626 811 669 sumniam
838 608 978 688 inopiam
1000 609 1140 671 redactus
1162 612 1219 684 est,
1253 627 1375 691 ᾳιιΞ

188 710 287 772 verba
310 709 445 774 duorum
469 732 620 775 versuum
644 711 802 775 ambitum
822 716 986 795 superant,
1009 712 1176 776 nonsatis
1197 717 1375 779 suntu

188 820 254 879 tres
279 815 503 899 complendos,
534 820 567 880 et
590 815 710 881 Wolfio
742 823 775 882 et
801 839 904 901 nuper
927 817 1048 882 Rothio
1077 824 1110 881 et
1132 819 1232 883 nobis
1258 819 1375 885 oli:

188 923 268 1005 ipsis
296 921 377 986 haec
401 922 455 986 via
478 922 620 986 ineunda
644 923 714 986 visa
737 928 787 986 est
809 926 846 987 ut
868 923 1070 987 intercidisse
1094 923 1257 1008 quaedam
1279 947 1375 1009 p-

186 1032 339 1092 taremus
377 1027 472 1103 Quali
495 1032 604 1093 tamen
628 1029 762 1093 lacunae
787 1028 985 1111 supplendae
1005 1050 1086 1111 quae
1106 1030 1156 1094 vel
1176 1053 1197 1094 a
1211 1029 1375 1095 wolfi

187 1134 236 1198 vel
274 1157 294 1198 a
326 1133 447 1198 Rothio
480 1139 643 1217 temptata
677 1138 753 1198 sunt
789 1130 839 1217 (in
871 1133 961 1198 euius
994 1136 1375 1218 argumentationibus

186 1261 215 1321 p.
242 1242 304 1305 178
320 1263 367 1323 sq.
391 1240 581 1324 perscriptis
604 1239 688 1303 nihil
712 1239 797 1323 quod
821 1239 953 1322 probari
977 1244 1089 1322 posset
1111 1239 1255 1323 inveni),
1284 1264 1375 1306 en

186 1367 258 1408 rum
273 1345 421 1429 plurimis
441 1346 479 1409 de
499 1347 621 1410 caussis
641 1346 751 1428 eisque
770 1345 851 1409 satis
872 1344 1054 1408 manifestis
1074 1346 1183 1411 nullus
1198 1368 1375 1429 prorsu-

66 1430 73 1445 ’
132 1472 171 1511 rer
187 1473 263 1514 usus
287 1456 346 1514 est.
392 1451 484 1528 Quod
507 1455 633 1533 contra,
663 1451 690 1515 si
719 1437 815 1517 modo
840 1450 878 1513 de
901 1450 1017 1515 lacuna
1039 1451 1269 1536 cogitandum,
1296 1474 1375 1518 ne

186 1579 269 1620 nunc
297 1557 425 1640 quidem
452 1557 546 1621 valde
574 1556 779 1639 displicitura
807 1558 872 1619 sint
899 1578 919 1620 a
946 1556 1040 1621 nobis
1065 1557 1143 1621 olim
1169 1579 1375 1623 commen*

187 1663 263 1728 data
286 1665 519 1747 supplementa,
542 1683 628 1769 qun
648 1684 717 1726 esse
741 1662 822 1727 talia
847 1662 1049 1727 volebamus:
1072 1662 1161 1727 Du‘m
1179 1685 1212 1729 sc
1230 1665 1270 1730 ub
1286 1664 1366 1730 he's‘

185 1769 289 1832 caedri
312 1771 406 1833 credit
428 1770 466 1833 ὁὸ
487 1770 594 1850 floran
617 1770 726 1833 octoas
747 1789 829 1846 ceree,
846 1767 857 1851 ΙΙ
874 1768 963 1832 Drim
987 1771 1030 1848 [se
1053 1790 1157 1833 cortem
1179 1771 1266 1836 reue
1284 1792 1329 1853 pe·

184 1876 255 1954 stit]
274 1876 380 1939 mitro
398 1877 433 1938 in
448 1876 608 1940 Albanam
625 1875 705 1955 rapi,
722 1874 733 1956 ΙΙ
750 1875 825 1939 Suis
847 1875 976 1939 miletis
998 1874 1092 1938 retus
1113 1876 1158 1938 ad
1178 1896 1325 1941 nemmem

186 1981 325 2060 inopiam
348 1980 488 2044 redicitis
510 1986 560 2045 est.
607 1979 729 2044 Verum
753 1985 862 2045 tamen
886 1981 920 2044 in
943 1980 1004 2043 hac
1027 2002 1180 2045 versuum
1205 1982 1325 2047 consor·

187 2086 330 2149 mationa
367 2090 404 2150 ut
440 2085 534 2149 hodie
570 2107 635 2149 non
674 2086 929 2170 acquiescamus,
965 2106 1030 2148 non
1060 2084 1148 2149 leves
1187 2087 1325 2151 rationes

187 2195 318 2273 praesto
342 2194 427 2254 sunt.
474 2189 618 2266 Quarum
641 2191 836 2275 gravissima
859 2191 938 2255 haec
961 2195 1024 2273 est,
1048 2189 1133 2273 quod
1157 2192 1192 2255 et
1213 2191 1327 2255 mirum

187 2298 219 2362 in
244 2298 373 2362 modum
402 2297 559 2380 languent
586 2319 667 2381 quae
696 2297 817 2380 scripta
845 2303 921 2361 sunt
943 2298 1018 2362 ditm
1040 2317 1071 2361 se
1093 2297 1132 2360 ud
1154 2295 1206 2361 dio
1228 2297 1329 2360 amari

185 2405 314 2486 credit,
338 2402 422 2487 quod
447 2402 563 2466 saltem
582 2403 737 2484 plorantur
760 2402 929 2468 dicendum
953 2406 1023 2466 erat
1045 2403 1096 2466 vel
1116 2402 1278 2486 similiter,
1300 2406 1330 2467 et

186 2507 298 2571 eadem
326 2509 447 2571 amoris
475 2508 641 2571 notionem
670 2509 773 2572 multo
802 2508 973 2573 certiorem
1005 2511 1102 2590 atque
1135 2510 1329 2590 apertiorem

187 2613 341 2695 produnt,
365 2635 461 2697 quam
484 2634 566 2696 qnae
590 2613 625 2677 in
647 2614 825 2696 praemissa
848 2636 868 2677 a
891 2610 1047 2677 Suetonio
1071 2612 1174 2676 verba
1194 2613 1331 2696 quadret

187 2718 301 2801 quibus
330 2720 357 2781 is
381 2718 527 2783 Porcium
550 2720 795 2801 suspitionem
817 2720 853 2782 de
870 2718 1085 2783 conaeetrdine
1104 2717 1207 2797 facere
1230 2719 1330 2804 signi·

186 2824 313 2888 ficabat.
346 2823 438 2888 Vnde
462 2827 499 2888 lit
523 2828 560 2888 ut
582 2825 639 2889 illa
662 2826 734 2909 ipsa
752 2825 853 2889 verba
874 2825 907 2889 in
932 2823 1145 2907 suspitionem
1163 2824 1330 2889 incurrant

186 2952 245 2993 nec
275 2929 313 2992 de
346 2929 462 2994 lacuna
495 2931 604 3013 potius
637 2953 733 3014 quam
766 2931 805 2994 de
836 2929 1087 3013 interpolatione
1120 2929 1330 3013 cogitandum

187 3035 341 3099 videatur.
388 3035 474 3100 Nam
497 3041 547 3118 ut,
572 3058 635 3119 quo
659 3037 765 3101 Porcii
789 3035 939 3100 versiculi
963 3037 1148 3119 spectarent
1171 3056 1331 3120 quamque

186 3141 252 3205 vim
276 3141 334 3204 illa
355 3142 563 3224 potissimum
587 3143 745 3208 haberent
764 3165 845 3227 quae
865 3147 940 3206 sunt
958 3143 1001 3207 ad
1012 3142 1141 3206 Philum
1153 3162 1186 3206 sc
1198 3144 1333 3207 ienitate

185 3252 215 3312 ct
235 3248 378 3312 Laelium
401 3248 568 3329 plicarum
591 3255 698 3331 putot,
730 3250 909 3331 doceretur,
942 3250 993 3311 sat
1016 3248 1162 3330 profecto
1186 3248 1332 3331 proclive

186 3360 257 3419 erat
280 3353 420 3418 adscribi
444 3354 484 3417 ab
508 3356 699 3438 interprete,
727 3378 808 3440 quae
832 3360 907 3437 post
929 3353 964 3416 in
987 3352 1086 3416 verba
1108 3357 1225 3435 poetae
1248 3355 1333 3420 inre·

186 3464 333 3542 pserunt,
364 3480 396 3524 se
418 3462 522 3524 amari
544 3461 583 3524 ab
605 3460 654 3525 liis
676 3462 777 3525 crodit.
823 3459 896 3524 Huc
920 3465 1029 3523 autem
1052 3458 1178 3525 accedit
1200 3461 1288 3543 quod
1312 3483 1333 3524 a

186 3569 365 3629 ceterorum
389 3567 535 3632 codicum
559 3555 721 3631 memoria
738 3590 803 3632 non
822 3568 937 3631 leviter
956 3565 1074 3629 veteris
1091 3563 1235 3630 Parisini
1254 3567 1333 3633 fides

186 3672 362 3756 discrepat:
386 3673 419 3737 in
443 3694 520 3755 qu0,
543 3678 671 3755 praeter
693 3673 796 3737 medat
817 3695 877 3756 pro
896 3673 990 3735 credit
1008 3670 1159 3753 positum,
1182 3671 1335 3755 proxime

187 3778 221 3840 in
249 3778 335 3843 hunc
364 3779 495 3843 modurn
524 3779 647 3861 scripta
675 3783 764 3842 sunt:
796 3778 898 3842 crebro
920 3780 955 3841 in
977 3777 1126 3840 albanum
1148 3778 1275 3859 rapitur
1296 3778 1334 3843 od

185 3882 291 3962 liorem
314 3886 425 3949 aetolis
447 3905 522 3949 suae
538 3889 610 3966 post
631 3885 761 3949 raihtis
783 3885 872 3949 rebus
895 3906 920 3947 e.
935 3905 964 3966 q.
980 3905 1004 3946 s.
1036 3880 1135 3966 Ergo,
1157 3903 1198 3945 ne
1221 3903 1334 3948 moras

186 3992 330 4072 nectam,
363 4012 383 4053 a
409 3992 484 4054 dum
512 3989 673 4073 particula
695 3990 853 4073 incipiens
877 3994 1028 4073 quartum
1053 3987 1260 4053 enuntiatum
1283 4009 1334 4054 se-

187 4094 360 4178 quebatur,
398 4098 563 4181 integrum
595 4097 628 4160 id
662 4096 880 4179 septenarium
918 4117 1059 4179 aequans
1096 4115 1233 4177 eumque
1268 4116 1336 4159 una

186 4203 288 4265 crebro
312 4225 390 4267 voce
414 4204 616 4285 transposita
639 4207 707 4267 tam
731 4203 920 4267 concinnum
951 4224 1047 4285 quarn
1071 4199 1156 4283 quod
1179 4201 1334 4266 maxime:
