2888 5040
179 318 245 381 542
466 328 472 335 ·
512 333 626 379 uaaaa
650 315 794 378 vaaso's
816 327 995 378 maoravrr

179 477 214 539 in
236 477 397 540 artificum
421 497 553 540 recensu
581 496 646 538 non
675 475 824 539 omnibus
848 473 992 537 eiusdem
1016 469 1094 534 libri
1115 469 1278 537 hebdomadi·

179 582 253 663 bus,
277 583 331 646 sed
357 583 424 663 uni,
448 582 595 645 videlicet
619 581 755 664 primae,
778 579 988 664 respondisse
1010 576 1166 641 videntur.
1205 575 1276 642 Varie

180 689 259 753 sime
283 693 391 752 autem
415 688 539 753 Valerii
561 688 695 752 Maximi
720 687 918 752 Ritscbelius
942 684 1105 767 meminit,
1131 683 1205 747 unde
1221 683 1274 749 loeo

179 818 251 859 rum
279 795 497 860 communium
522 793 785 859 Hebdomadibus
814 798 967 877 aptorum
995 790 1085 855 facili
1112 791 1274 875 negotioali

179 904 251 987 quis
275 902 515 966 multitudinem
537 905 763 985 promat,'qua
786 922 959 965 numerosa
983 899 1115 963 illarum
1133 903 1273 982 arguments

179 1009 338 1074 restituat.
395 1008 497 1084 Quem
529 1012 695 1071 auctorem
731 1008 888 1072 nonnulla
924 1029 963 1071 ex
996 1005 1142 1070 Varrone
1174 1003 1272 1068 clerinti

179 1117 345 1180 continere
369 1137 433 1180 non
458 1114 606 1178 absimile
630 1118 681 1178 est
704 1136 780 1178 vero
804 1112 858 1197 (ef.
881 1113 1009 1196 Kempf.
1032 1133 1064 1195 p.
1085 1110 1124 1175 19
1137 1109 1191 1195 sq.)
1210 1109 1272 1192 idque

180 1223 323 1306 apertius
348 1222 501 1302 futurum,
525 1220 553 1282 si
576 1220 678 1303 ipsius
692 1219 850 1284 Varronis
873 1218 975 1283 libros
999 1217 1085 1282 credi
1107 1221 1204 1300 poaaet
1218 1213 1272 1279 evol
1309 1282 1311 1287 ,

179 1330 273 1412 visse,
293 1350 374 1412 quae
393 1326 523 1411 quidem
542 1327 695 1410 ambigua
716 1326 877 1389 sententia
896 1330 946 1389 est
966 1324 1021 1408 (cs.
1035 1321 1271 1406 Dirksendbiit

179 1434 469 1519 Beispielsammlg.
493 1433 549 1496 des
563 1431 636 1494 Val.
650 1432 735 1496 Max.
758 1431 793 1495 in
816 1429 940 1495 Comm.
961 1429 1050 1494 acad.
1069 1428 1169 1494 Berol.
1184 1451 1205 1493 a
1218 1425 1271 1490 1845

178 1565 208 1625 p.
235 1539 320 1623 124).
369 1539 483 1622 ltaque
517 1539 684 1602 obscurius
718 1537 808 1601 illius
840 1537 942 1602 fontia
976 1535 1122 1618 exempla
1154 1534 1271 1619 appareat
1309 1530 1311 1537 ’

179 1668 315 1732 quorum
339 1667 436 1709 unum
461 1643 618 1707 indicasse
641 1643 796 1726 sufficiat,
824 1644 909 1727 quod
933 1647 983 1706 eat
1010 1643 1043 1706 in
1067 1642 1088 1706 l.
1112 1643 1140 1707 V
1162 1665 1184 1707 c.
1200 1641 1215 1704 6
1231 1635 1271 1718 §3

178 1753 230 1816 his
253 1752 361 1816 verbis
384 1755 588 1833 conceptum:
617 1749 778 1814 ‘Genucio
802 1748 884 1832 Cipo
907 1750 1052 1832 praetori
1075 1749 1210 1833 paludato
1226 1763 1271 1828 por·

178 1865 246 1923 tam
270 1857 449 1942 egredienti
472 1857 549 1920 novi
573 1862 669 1940 atque
692 1856 832 1920 inauditi
851 1855 979 1941 generis
999 1855 1177 1941 prodigium
1191 1846 1271 1916 incidit

180 1964 327 2049 Namque
353 1965 387 2028 in
417 1965 523 2046 capite
552 1965 620 2027 eius
644 1964 752 2027 subito
777 1962 877 2027 veluti
902 1985 1024 2027 cornua
1047 1965 1226 2046 crepserint,
1243 1975 1272 2018 re

98 2057 103 2066 ¹
179 2094 398 2156 sponsumque
430 2077 480 2134 est
508 2090 617 2154 regem
645 2061 719 2134 eum
748 2070 831 2153 fore,
861 2071 889 2133 si
922 2071 956 2134 in
985 2070 1097 2134 urbem
1127 2061 1273 2132 revertam

180 2178 271 2254 Quod
295 2200 334 2241 ne
359 2176 526 2260 accideret,
550 2171 767 2241 voluntarium
787 2199 825 2239 ac
844 2184 1036 2260 perpetuum
1056 2176 1183 2240 sibimet
1195 2164 1274 2236 indixit

179 2284 319 2348 exilium.
365 2282 506 2367 Dignam
535 2284 705 2366 pietatem,
737 2305 819 2367 quae
847 2283 933 2367 quod
962 2283 1004 2347 ad
1026 2283 1160 2348 solidam
1181 2275 1274 2365 gloriam

179 2391 298 2453 attinet
325 2393 448 2472 septem
476 2387 609 2473 regibus
636 2389 846 2472 praeferatur.
893 2387 993 2454 Cuius
1021 2388 1184 2453 testandae
1205 2376 1275 2469 gni!

72 2560 76 2568 ‚
141 2518 165 2558 15
179 2497 295 2581 capitis
314 2496 438 2580 effigies
458 2516 552 2558 aerea
572 2500 695 2578 portae,
719 2518 783 2578 qua
802 2501 992 2580 excesserat,
1011 2497 1136 2561 inclusa
1152 2497 1195 2557 est
1211 2489 1276 2553 dieta·

179 2626 240 2688 que
264 2601 528 2683 Raudusculana,
561 2601 639 2665 olim
673 2623 748 2665 aera
780 2602 916 2667 raudera
949 2600 1163 2668 dicebantur’.
1190 2632 1223 2646 -
1244 2588 1277 2655 El

178 2712 278 2774 verba
296 2710 463 2792 Kempfius
487 2731 517 2790 p.
534 2709 577 2772 20
600 2708 640 2771 ad
654 2707 812 2773 Varronis
837 2711 1065 2774 auctoritatem
1090 2705 1205 2774 rettulit
1221 2700 1277 2765 rede

179 2816 323 2901 quidem,
350 2814 406 2880 sed
429 2814 539 2877 nescio
563 2836 627 2898 quo
651 2821 844 2898 argumento
875 2838 965 2897 usus,
993 2817 1079 2900 qnod
1102 2818 1188 2879 tanto
1206 2800 1277 2887 magia

178 2922 323 3006 proferre
347 2921 494 3003 debebat,
518 2920 672 3005 quoniam
694 2921 780 2985 idem
804 2922 838 2985 in
862 2923 1076 2987 annotatione
1100 2922 1140 2986 ad
1160 2921 1187 2984 h.
1204 2917 1220 2979 l.
1236 2907 1277 2971 i*

178 3028 293 3092 lerium
312 3026 490 3091 Maximum
515 3049 646 3091 eausam
671 3028 900 3111 appellationis
923 3035 1041 3113 portae
1057 3024 1277 3095 Raudusculna

179 3134 277 3198 aliam
307 3138 403 3217 atque
432 3133 613 3198 Varronem
641 3134 680 3197 de
709 3135 729 3199 l.
757 3134 827 3200 Lat.
851 3134 891 3218 V,
918 3137 979 3200 163
1007 3137 1135 3201 tradere
1161 3122 1276 3199 obserat

177 3239 324 3302 Eandem
350 3260 416 3302 rem
441 3239 600 3303 uberrime
624 3241 770 3304 narravit
791 3240 926 3304 Ovidius
947 3242 1025 3309 Met.
1047 3242 1119 3322 XV,
1139 3225 1277 3305 565⁶62b

179 3344 367 3409 brevissime
387 3345 501 3428 attigit
520 3345 644 3410 Plinius
659 3345 699 3410 N.
714 3345 755 3410 H.
769 3345 825 3428 XI,
844 3348 914 3430 123,
934 3349 1132 3413 Actaeonem
1150 3366 1210 3410 cnm
1224 3335 1277 3416 ffil⁰

178 3450 335 3515 fabulosis
366 3473 581 3517 armumerans
613 3475 712 3537 eaque
743 3476 781 3516 ex
809 3454 955 3518 Varrone
986 3456 1093 3538 petita
1120 3456 1203 3519 fidem
1225 3437 1278 3510 snt

177 3557 273 3622 index
298 3564 465 3623 auctorum
490 3560 565 3624 libri
588 3559 648 3642 xl,
677 3562 730 3644 qui
756 3584 775 3623 a
798 3559 841 3624 M.
866 3561 1013 3626 Varrone
1037 3563 1194 3627 exordium
1211 3544 1278 3618 niet

177 3663 232 3749 (cf.
251 3664 371 3747 Brunn,
390 3665 429 3729 de
449 3671 617 3731 auctorum
636 3667 798 3731 indicibus
819 3666 978 3731 Plinianis
999 3669 1081 3752 disp.
1100 3667 1195 3734 Bona
1204 3646 1277 3733 18561

177 3770 291 3853 Itaque
314 3772 532 3854 discrepantia
555 3773 612 3835 illa
635 3795 699 3837 non
724 3774 854 3837 obstare
878 3772 1020 3857 videtur,
1045 3776 1205 3859 quominus
1222 3767 1279 3831 hunt

178 3882 234 3941 aut
256 3881 428 3962 utrumque
452 3879 485 3941 in
508 3877 773 3943 Hebdomadibus
797 3881 944 3963 posuerit
966 3880 1088 3963 Varro,
1119 3901 1203 3967 quem
1221 3897 1236 3938 a
1251 3866 1279 3928 s*

178 3985 293 4049 bulosa
312 3985 451 4049 historia
468 4007 532 4049 non
553 4007 684 4069 prorsus
699 3985 896 4051 abstinuisse
911 3986 1108 4054 documento
1123 3994 1170 4052 est
1184 3985 1279 4049 lenos

177 4093 284 4175 Atque
300 4093 389 4156 vides
408 4113 506 4175 quam
525 4091 606 4155 bene
625 4091 665 4155 ad
681 4092 810 4156 Aeneae
834 4093 982 4157 habitum
1006 4116 1045 4158 ex
1070 4115 1165 4178 opere
1185 4086 1281 4166 antiqu

176 4197 372 4261 delineatum
396 4197 567 4261 conveniat
581 4194 654 4279 cipi
677 4197 786 4282 imago
810 4219 904 4262 aerea
926 4205 1043 4281 portae
1058 4196 1282 4266 Raudusculante

176 4304 310 4368 inclusa.
355 4302 480 4368 Deinde
504 4304 536 4367 id
561 4325 687 4387 quoque
711 4327 776 4369 non
799 4305 973 4369 fortuitum
998 4306 1139 4391 videtur,
1161 4294 1284 4391 quodit

177 4409 261 4492 apud
280 4408 447 4474 Valerium
472 4407 577 4474 curtii
600 4411 633 4474 in
655 4410 783 4475 hiatum
806 4416 911 4476 terrae
934 4413 1118 4479 desilientis
1141 4408 1285 4494 exemplum
