2888 5040
625 1216 740 1301 XVI.

261 1385 586 1471 Emendationum
613 1388 928 1473 Catullianamm
956 1391 1108 1493 trias.*)

194 1725 312 1811 Nuper
338 1750 411 1793 cum
439 1728 474 1791 in
503 1728 677 1793 seminario
705 1733 816 1792 nostro
845 1729 1043 1813 philologioo
1068 1730 1255 1816 disputandi
1268 1752 1307 1792 111

89 1835 249 1900 materia
272 1833 372 1898 allata
391 1838 477 1899 esset
500 1856 517 1898 e
536 1833 694 1899 Catullo
717 1836 830 1918 petita,
853 1835 971 1899 accidit
994 1836 1079 1919 quod
1097 1859 1162 1904 uon
1180 1861 1254 1907 raro

91 1963 168 2006 usu
193 1941 297 2022 venit,
320 1941 414 2004 utin
438 1962 546 2005 errore
568 1940 755 2026 indagando
781 1941 929 2026 sagacior
953 1964 1050 2026 quam
1073 1943 1198 2009 felicior
1219 1947 1254 2010 iu

91 2046 301 2111 inveniendo
329 2067 405 2110 vero
438 2050 610 2130 appareret
642 2048 698 2131 qui
731 2047 809 2111 illuc
842 2047 930 2111 haud
961 2047 1161 2114 infructuosa
1190 2052 1254 2117 sibi

93 2151 220 2217 studia
237 2152 427 2216 contulerat
463 2150 566 2227 Quem
587 2153 704 2237 quibus
723 2153 785 2217 viis
806 2154 845 2217 ad
869 2153 912 2237 id,
935 2154 1021 2238 quod
1046 2178 1115 2221 esse
1138 2159 1254 2241 proba·

93 2258 174 2323 bile
197 2257 373 2340 videretur,
400 2258 619 2324 deducendum
646 2260 848 2343 putavimus,
877 2259 958 2323 libet
984 2283 1070 2325 nunc
1096 2261 1253 2328 disserere

95 2363 219 2449 paullo
252 2364 458 2447 explicatius,
488 2364 678 2447 praesertim
709 2386 781 2429 cum
815 2365 926 2449 aliqua
957 2388 996 2431 ex
1028 2371 1121 2450 parte
1154 2370 1253 2433 etiam

97 2469 272 2537 emendari
296 2471 346 2535 val
371 2470 513 2554 suppleri
535 2492 645 2554 possa,
672 2492 753 2554 quae
777 2476 845 2534 tum
870 2472 1123 2555 significavimus
1147 2475 1252 2559 magis

100 2598 209 2662 quam
231 2577 392 2660 persecuti
416 2599 539 2661 sumus,
563 2578 742 2642 videantur.

197 2682 312 2768 Itaque
339 2684 373 2748 in
401 2683 661 2767 epithalamio
684 2682 792 2748 Pelei
821 2687 933 2768 atque
957 2684 1135 2749 Thetidis
1166 2687 1251 2770 quod

98 2789 230 2874 legitur
252 2811 282 2853 v.
307 2789 371 2853 100
393 2788 431 2852 de
454 2790 600 2854 Ariadna
623 2793 796 2872 conspecto
820 2789 946 2855 Theseo
971 2791 1219 2874 expallescente:
1348 2816 1351 2826 ·

267 2895 413 2971 Quantos
437 2896 494 2960 illa
517 2895 594 2960 tulit
616 2897 785 2984 langueriti
809 2896 903 2960 corde
928 2897 1073 2962 timores!

267 2999 395 3076 Quanto
419 3023 515 3085 saepe
539 3002 645 3086 magis
669 3001 795 3086 fulgore
818 3001 975 3084 expalluit
998 3004 1081 3068 auri!

99 3108 193 3169 recte
216 3105 416 3171 intellectum
438 3111 489 3171 est
512 3129 579 3171 non
601 3107 747 3190 potuisse
767 3107 813 3170 sic
837 3108 935 3172 scribi
955 3131 974 3172 a
994 3106 1132 3175 Catullo.
1164 3111 1250 3176 Nam

99 3209 193 3295 quod
224 3232 321 3295 saepe
353 3212 390 3276 lit
422 3212 698 3296 commodissime,
734 3217 771 3277 ut
807 3237 865 3298 pro
899 3237 978 3280 auro
1014 3222 1130 3300 poetae
1163 3216 1249 3282 ‘auri

99 3316 283 3402 fulgorem’
312 3318 421 3383 dicant
448 3319 540 3383 iuxta
564 3340 636 3382 cum
666 3319 828 3383 similibus
857 3323 1013 3405 centenis,
1040 3323 1073 3386 id
1102 3329 1249 3407 apertum

100 3425 156 3488 eat
177 3423 254 3489 ilico
273 3424 448 3489 absurdum
472 3423 552 3509 fieri,
575 3425 631 3489 ubi
651 3425 679 3489 ei
700 3425 745 3488 rei
769 3425 840 3488 auri
859 3429 1058 3511 comparatio
1078 3430 1251 3495 adhibetur

100 3551 189 3613 quae
207 3527 344 3613 fulgoris
362 3530 488 3594 notioni
506 3533 574 3594 tam
594 3533 644 3593 est
663 3533 826 3596 contraria
845 3555 940 3616 quam
955 3533 1119 3617 splendori
1137 3534 1250 3616 pallor.

101 3633 176 3700 Nec
203 3634 350 3718 profecto
378 3636 417 3701 de
441 3658 479 3700 eo
504 3657 583 3700 auro
613 3637 697 3720 quod
726 3638 832 3723 fulget
855 3640 906 3703 vel
929 3638 1064 3704 Ovidius
1092 3639 1250 3723 cogitavit

99 3739 237 3807 Metam.
258 3741 316 3826 XI,
333 3742 396 3807 145
418 3763 496 3807 arva
518 3763 596 3807 auro
620 3745 754 3808 inediti-is
771 3745 924 3826 pallentis
944 3745 1060 3828 pluatis
1083 3744 1193 3809 dicens
1217 3752 1250 3810 et

98 3846 224 3912 ibidem
251 3870 282 3912 v.
310 3850 373 3914 110
399 3870 510 3915 sucum
532 3871 648 3932 paceque
669 3851 787 3933 palluit
809 3873 901 3930 auro,
928 3852 980 3917 vel
1010 3848 1109 3915 Silius
1132 3850 1161 3933 I,
1184 3851 1249 3916 233

98 3956 183 4021 redit
213 3955 327 4035 infelix
358 3955 466 4035 effosso
497 3956 634 4021 concolor
666 3977 745 4020 cerro
778 3961 811 4020 et
843 3958 989 4023 imitator
1021 3955 1092 4021 Silii
1126 3954 1248 4021 Statius
1263 3976 1298 4018 ru

173 4222 200 4287 ν)
216 4216 407 4289 [Prooemium
419 4219 577 4275 scholarum
587 4218 766 4272 hibernarum
776 4219 962 4275 eonsensum
973 4236 998 4275 a.
1012 4204 1248 4274 o1o1occcav11

97 4312 129 4364 ct
147 4307 253 4362 LVIII:
276 4306 377 4361 iterum
402 4307 431 4362 in
454 4308 598 4377 publicum
617 4308 749 4361 emissum
767 4308 797 4361 in
818 4309 1040 4364 ‘Prooemiorum
1061 4307 1247 4363 Bonnensium

97 4396 226 4452 decade'
246 4415 274 4452 n.
294 4394 353 4467 lx]

153 4506 197 4540 n.
212 4503 365 4539 arancarum
380 4504 512 4541 orvscvaa
531 4505 573 4539 ιη.
1000 4492 1034 4541 38
